Time,Price,BuySell,Volume
09:25:01,6.57,B,800
09:25:01,6.57,S,1700
09:25:01,6.57,B,2
09:25:01,6.57,B,498
09:25:01,6.57,S,100
09:25:01,6.57,B,600
09:25:01,6.57,B,500
09:25:01,6.57,B,6000
09:25:01,6.57,S,4000
09:25:01,6.57,B,200
09:25:01,6.57,B,100
09:25:01,6.57,S,2000
09:25:01,6.57,B,200
09:25:01,6.57,S,4400
09:25:01,6.57,B,100
09:25:01,6.57,B,300
09:25:01,6.57,S,100
09:25:01,6.57,B,3600
09:25:01,6.57,B,20202
09:25:01,6.57,B,22983
09:25:01,6.57,B,200
09:25:01,6.57,S,1600
09:25:01,6.57,S,3000
09:25:01,6.57,S,2700
09:25:01,6.57,S,100
09:25:01,6.57,S,2000
09:25:01,6.57,S,65
09:25:01,6.57,S,696
09:25:01,6.57,S,100
09:25:01,6.57,S,24100
09:25:01,6.57,S,300
09:25:01,6.57,B,500
09:25:01,6.57,B,14400
09:25:01,6.57,B,300
09:25:01,6.57,S,302
09:25:01,6.57,S,5000
09:25:01,6.57,S,1500
09:25:01,6.57,S,1700
09:25:01,6.57,S,3752
09:25:01,6.57,S,5000
09:25:01,6.57,S,5948
09:25:01,6.57,S,3000
09:25:01,6.57,S,100
09:25:01,6.57,S,1700
09:25:01,6.57,B,1700
09:25:01,6.57,B,10000
09:25:01,6.57,B,1000
09:25:01,6.57,B,31
09:25:01,6.57,S,100
09:25:01,6.57,S,1100
09:25:01,6.57,S,2000
09:25:01,6.57,S,6100
09:25:01,6.57,B,400
09:25:01,6.57,B,900
09:25:01,6.57,B,100
09:25:01,6.57,S,10821
09:25:01,6.57,B,2679
09:25:01,6.57,S,321
09:25:01,6.57,S,1000
09:25:01,6.57,S,500
09:25:01,6.57,S,1900
09:25:01,6.57,S,2000
09:25:01,6.57,S,14279
09:25:01,6.57,B,200
09:25:01,6.57,B,6100
09:25:01,6.57,B,1000
09:25:01,6.57,B,700
09:25:01,6.57,S,100
09:25:01,6.57,S,4000
09:25:01,6.57,S,500
09:25:01,6.57,B,1200
09:25:01,6.57,B,700
09:25:01,6.57,S,2000
09:25:01,6.57,S,1000
09:25:01,6.57,S,2000
09:25:01,6.57,S,12600
09:25:01,6.57,S,2121
09:25:01,6.57,S,10479
09:25:01,6.57,S,4000
09:25:01,6.57,S,4000
09:25:01,6.57,B,20000
09:25:01,6.57,B,4000
09:25:01,6.57,B,2500
09:25:01,6.57,B,3400
09:25:01,6.57,B,100
09:25:01,6.57,B,100
09:25:01,6.57,B,800
09:25:01,6.57,S,2400
09:25:01,6.57,S,500
09:25:01,6.57,B,1000
09:25:01,6.57,B,100
09:25:01,6.57,B,2400
09:25:01,6.57,B,1000
09:25:01,6.57,B,1600
09:25:01,6.57,S,1200
09:25:01,6.57,S,921
09:25:01,6.57,S,3079
09:25:01,6.57,S,4000
09:25:01,6.57,S,4000
09:25:01,6.57,B,200
09:25:01,6.57,B,600
09:25:01,6.57,B,200
09:25:01,6.57,S,2921
09:25:01,6.57,S,5000
09:25:01,6.57,S,7079
09:25:01,6.57,S,4921
09:25:01,6.57,S,279
09:25:01,6.57,S,221
09:25:01,6.57,B,300
09:25:01,6.57,B,3000
09:25:01,6.57,B,100
09:25:01,6.57,B,2000
09:25:01,6.57,B,1000
09:25:01,6.57,B,1300
09:25:01,6.57,B,2979
09:25:01,6.57,B,7721
09:25:01,6.57,B,1500
09:25:01,6.57,S,1400
09:25:01,6.57,S,500
09:25:01,6.57,S,3000
09:25:01,6.57,S,100
09:25:01,6.57,S,800
09:25:01,6.57,S,500
09:25:01,6.57,B,1379
09:25:01,6.57,S,1000
09:25:01,6.57,S,4000
09:25:01,6.57,S,10000
09:25:01,6.57,S,2000
09:25:01,6.57,S,3000
09:25:01,6.57,B,1000
09:25:01,6.57,B,5800
09:25:01,6.57,B,1000
09:25:01,6.57,B,400
09:25:01,6.57,S,100
09:25:01,6.57,S,321
09:25:01,6.57,S,679
09:25:01,6.57,S,321
09:25:01,6.57,S,500
09:25:01,6.57,S,500
09:25:01,6.57,S,400
09:25:01,6.57,S,379
09:25:01,6.57,S,121
09:25:01,6.57,S,479
09:25:01,6.57,S,521
09:25:01,6.57,S,1400
09:25:01,6.57,B,79
09:25:01,6.57,S,100
09:25:01,6.57,S,221
09:25:01,6.57,S,79
09:25:01,6.57,S,221
09:25:01,6.57,S,6779
09:25:01,6.57,S,3221
09:25:01,6.57,S,1200
09:25:01,6.57,B,1600
09:25:01,6.57,B,679
09:25:01,6.57,B,100
09:25:01,6.57,B,921
09:25:01,6.57,B,2000
09:25:01,6.57,B,279
09:25:01,6.57,B,400
09:25:01,6.57,B,200
09:25:01,6.57,B,121
09:25:01,6.57,B,100
09:25:01,6.57,B,779
09:25:01,6.57,B,1000
09:25:01,6.57,B,1221
09:25:01,6.57,B,1679
09:25:01,6.57,B,121
09:25:01,6.57,B,4579
09:25:01,6.57,B,421
09:25:01,6.57,B,2379
09:25:01,6.57,B,1000
09:25:01,6.57,B,1621
09:25:01,6.57,B,500
09:25:01,6.57,B,3779
09:25:01,6.57,B,1000
09:25:01,6.57,B,300
09:25:01,6.57,S,4000
09:25:01,6.57,S,400
09:25:01,6.57,S,10521
09:25:01,6.57,S,3000
09:25:01,6.57,B,500
09:25:01,6.57,B,5000
09:25:01,6.57,B,30000
09:25:01,6.57,B,1000
09:25:01,6.57,S,100
09:25:01,6.57,S,700
09:25:01,6.57,S,100
09:25:01,6.57,S,100
09:25:01,6.57,S,100
09:25:01,6.57,S,1800
09:25:01,6.57,S,100
09:25:01,6.57,S,500
09:25:01,6.57,S,100
09:25:01,6.57,S,100
09:25:01,6.57,S,2000
09:25:01,6.57,S,500
09:25:01,6.57,S,100
09:25:01,6.57,S,4000
09:25:01,6.57,S,300
09:25:01,6.57,S,400
09:25:01,6.57,S,1400
09:25:01,6.57,S,300
09:25:01,6.57,S,100
09:25:01,6.57,S,200
09:25:01,6.57,S,600
09:25:01,6.57,S,500
09:25:01,6.57,S,100
09:25:01,6.57,S,100
09:25:01,6.57,S,1000
09:25:01,6.57,S,100
09:25:01,6.57,S,6479
09:25:01,6.57,S,100
09:25:01,6.57,S,500
09:25:01,6.57,S,500
09:25:01,6.57,S,4900
09:25:01,6.57,S,1000
09:25:01,6.57,S,200
09:25:01,6.57,S,15200
09:25:01,6.57,S,4000
09:25:01,6.57,S,1000
09:25:01,6.57,S,1000
09:25:01,6.57,S,800
09:25:01,6.57,S,60000
09:25:01,6.57,S,5400
09:25:01,6.57,S,30921
09:25:01,6.57,S,100
09:25:01,6.57,S,100
09:25:01,6.57,S,200
09:25:01,6.57,S,2000
09:25:01,6.57,S,200
09:25:01,6.57,S,1000
09:25:01,6.57,S,1000
09:25:01,6.57,S,4979
09:25:01,6.57,S,100
09:25:01,6.57,B,500
09:25:01,6.57,B,521
09:25:01,6.57,B,100
09:25:01,6.57,B,100
09:25:01,6.57,B,379
09:25:01,6.57,B,100
09:25:01,6.57,B,2000
09:25:01,6.57,S,521
09:25:01,6.57,S,100
09:25:01,6.57,S,200
09:25:01,6.57,S,100
09:25:01,6.57,S,100
09:25:01,6.57,S,700
09:25:01,6.57,S,100
09:25:01,6.57,S,1000
09:25:01,6.57,S,200
09:25:01,6.57,B,500
09:25:01,6.57,B,2479
09:25:01,6.57,S,521
09:25:01,6.57,S,100
09:25:01,6.57,S,500
09:25:01,6.57,S,2000
09:25:01,6.57,S,500
09:25:01,6.57,S,1000
09:25:01,6.57,S,100
09:25:01,6.57,S,100
09:25:01,6.57,S,479
09:25:01,6.57,S,100
09:25:01,6.57,S,100
09:25:01,6.57,S,6000
09:25:01,6.57,B,100
09:25:01,6.57,B,100
09:25:01,6.57,B,200
09:25:01,6.57,B,800
09:25:01,6.57,B,100
09:25:01,6.57,S,7021
09:25:01,6.57,S,300
09:25:01,6.57,S,100
09:25:01,6.57,S,100
09:25:01,6.57,S,100
09:25:01,6.57,S,5000
09:25:01,6.57,S,100
09:25:01,6.57,S,100
09:25:01,6.57,S,100
09:25:01,6.57,S,200
09:25:01,6.57,S,100
09:25:01,6.57,S,800
09:25:01,6.57,S,100
09:25:01,6.57,S,300
09:25:01,6.57,S,1000
09:25:01,6.57,S,100
09:25:01,6.57,S,700
09:25:01,6.57,S,100
09:25:01,6.57,S,200
09:25:01,6.57,S,600
09:25:01,6.57,S,200
09:25:01,6.57,S,200
09:25:01,6.57,S,600
09:25:01,6.57,S,500
09:25:01,6.57,S,200
09:25:01,6.57,S,100
09:25:01,6.57,S,500
09:25:01,6.57,S,1100
09:25:01,6.57,S,100
09:25:01,6.57,S,2000
09:25:01,6.57,S,600
09:25:01,6.57,S,300
09:25:01,6.57,S,500
09:25:01,6.57,S,100
09:25:01,6.57,S,5000
09:25:01,6.57,S,700
09:25:01,6.57,S,3000
09:25:01,6.57,S,100
09:25:01,6.57,S,300
09:25:01,6.57,S,10000
09:25:01,6.57,S,1000
09:25:01,6.57,B,300
09:25:01,6.57,B,5000
09:25:01,6.57,B,5000
09:25:01,6.57,B,141179
09:25:01,6.57,S,9400
09:25:01,6.57,S,3000
09:25:01,6.57,S,10000
09:25:01,6.57,S,8000
09:25:01,6.57,S,200
09:25:01,6.57,S,7521
09:25:01,6.57,S,1479
09:25:01,6.57,S,18521
09:25:01,6.57,S,5000
09:25:01,6.57,S,1000
09:25:01,6.57,S,500
09:25:01,6.57,S,7179
09:25:01,6.57,S,14100
09:25:01,6.57,S,12321
09:25:01,6.57,S,5000
09:25:01,6.57,S,20000
09:25:01,6.57,S,800
09:25:01,6.57,S,8100
09:25:01,6.57,S,1800
09:25:01,6.57,S,2000
09:25:01,6.57,S,200
09:25:01,6.57,S,4500
09:25:01,6.57,S,400
09:25:01,6.57,S,300
09:25:01,6.57,S,2000
09:25:01,6.57,S,200
09:25:01,6.57,S,2500
09:25:01,6.57,S,1000
09:25:01,6.57,S,2000
09:25:01,6.57,S,100
09:25:01,6.57,S,300
09:25:01,6.57,S,400
09:25:01,6.57,B,1000
09:25:01,6.57,B,500
09:25:01,6.57,S,1500
09:25:01,6.57,S,100
09:25:01,6.57,S,100
09:25:01,6.57,S,1900
09:25:01,6.57,S,2000
09:25:01,6.57,S,300
09:25:01,6.57,S,200
09:25:01,6.57,S,200
09:25:01,6.57,S,300
09:25:01,6.57,S,100
09:25:01,6.57,S,100
09:25:01,6.57,S,20000
09:25:01,6.57,S,100
09:25:01,6.57,S,500
09:25:01,6.57,S,100
09:25:01,6.57,S,100
09:25:01,6.57,S,200
09:25:01,6.57,S,100
09:25:01,6.57,S,500
09:25:01,6.57,S,100
09:25:01,6.57,S,1000
09:25:01,6.57,S,100
09:25:01,6.57,S,800
09:25:01,6.57,S,10000
09:25:01,6.57,S,400
09:25:01,6.57,S,300
09:25:01,6.57,S,2000
09:25:01,6.57,S,200
09:25:01,6.57,S,800
09:25:01,6.57,S,500
09:25:01,6.57,S,300
09:25:01,6.57,S,100
09:25:01,6.57,S,100
09:25:01,6.57,S,200
09:25:01,6.57,S,1600
09:25:01,6.57,S,300
09:25:01,6.57,S,1000
09:25:01,6.57,S,200
09:25:01,6.57,S,1000
09:25:01,6.57,S,100
09:25:01,6.57,S,2000
09:25:01,6.57,S,300
09:25:01,6.57,S,1600
09:25:01,6.57,S,8300
09:25:01,6.57,S,400
09:25:01,6.57,S,10000
09:25:01,6.57,S,400
09:25:01,6.57,S,1500
09:25:01,6.57,S,100
09:25:01,6.57,S,1000
09:25:01,6.57,S,100
09:25:01,6.57,S,400
09:25:01,6.57,S,300
09:25:01,6.57,S,300
09:25:01,6.57,S,100
09:25:01,6.57,S,700
09:25:01,6.57,S,100
09:25:01,6.57,S,200
09:25:01,6.57,S,400
09:25:01,6.57,S,100
09:25:01,6.57,S,500
09:25:01,6.57,S,100
09:25:01,6.57,S,200
09:25:01,6.57,S,100
09:25:01,6.57,S,500
09:25:01,6.57,S,200
09:25:01,6.57,S,1400
09:25:01,6.57,S,100
09:25:01,6.57,S,1200
09:25:01,6.57,S,2000
09:25:01,6.57,S,1500
09:25:01,6.57,S,1200
09:25:01,6.57,S,100
09:25:01,6.57,S,1600
09:25:01,6.57,S,200
09:25:01,6.57,S,2000
09:25:01,6.57,S,1000
09:25:01,6.57,S,400
09:25:01,6.57,S,100
09:25:01,6.57,S,1000
09:25:01,6.57,S,100
09:25:01,6.57,S,100
09:25:01,6.57,S,100
09:25:01,6.57,S,400
09:25:01,6.57,S,800
09:25:01,6.57,S,600
09:25:01,6.57,S,100
09:25:01,6.57,S,500
09:25:01,6.57,S,600
09:25:01,6.57,S,50000
09:25:01,6.57,S,100
09:25:01,6.57,S,100
09:25:01,6.57,S,100
09:25:01,6.57,S,600
09:25:01,6.57,S,100
09:25:01,6.57,S,100
09:25:01,6.57,S,1000
09:25:01,6.57,S,20000
09:25:01,6.57,S,400
09:25:01,6.57,S,1000
09:25:01,6.57,S,3000
09:25:01,6.57,S,1600
09:25:01,6.57,S,800
09:25:01,6.57,S,2500
09:25:01,6.57,S,100
09:25:01,6.57,S,3000
09:25:01,6.57,S,700
09:25:01,6.57,S,400
09:25:01,6.57,S,1000
09:25:01,6.57,S,100
09:25:01,6.57,S,1000
09:25:01,6.57,S,5000
09:25:01,6.57,S,100
09:25:01,6.57,S,10000
09:25:01,6.57,S,100
09:25:01,6.57,S,16000
09:25:01,6.57,S,10000
09:25:01,6.57,S,100
09:25:01,6.57,S,1000
09:25:01,6.57,S,5000
09:25:01,6.57,S,200
09:25:01,6.57,S,1000
09:25:01,6.57,S,1000
09:25:01,6.57,S,700
09:25:01,6.57,S,500
09:25:01,6.57,S,500
09:25:01,6.57,S,9200
09:25:01,6.57,S,2300
09:25:01,6.57,S,1200
09:25:01,6.57,S,5000
09:25:01,6.57,S,200
09:25:01,6.57,S,500
09:25:01,6.57,S,100
09:25:01,6.57,S,500
09:25:01,6.57,S,100
09:25:01,6.57,S,900
09:25:01,6.57,S,1000
09:25:01,6.57,S,100
09:25:01,6.57,S,100
09:25:01,6.57,S,300
09:25:01,6.57,S,1000
09:25:01,6.57,S,800
09:25:01,6.57,S,1000
09:25:01,6.57,S,1000
09:25:01,6.57,S,200
09:25:01,6.57,S,5000
09:25:01,6.57,S,1500
09:25:01,6.57,S,70100
09:25:01,6.57,S,7600
09:25:01,6.57,S,600
09:25:01,6.57,S,200
09:25:01,6.57,S,1400
09:25:01,6.57,S,3000
09:25:01,6.57,S,3200
09:25:01,6.57,S,100
09:25:01,6.57,S,2000
09:25:01,6.57,S,200
09:25:01,6.57,S,1500
09:25:01,6.57,S,100
09:25:01,6.57,S,400
09:25:01,6.57,S,1000
09:25:01,6.57,S,200
09:25:01,6.57,S,500
09:25:01,6.57,S,6300
09:25:01,6.57,S,700
09:25:01,6.57,S,100
09:25:01,6.57,S,100
09:25:01,6.57,S,2000
09:25:01,6.57,S,400
09:25:01,6.57,S,100
09:25:01,6.57,S,900
09:25:01,6.57,S,100
09:25:01,6.57,S,300
09:25:01,6.57,S,20000
09:25:01,6.57,S,1000
09:25:01,6.57,S,1500
09:25:01,6.57,S,300
09:25:01,6.57,S,200
09:25:01,6.57,S,1000
09:25:01,6.57,S,600
09:25:01,6.57,S,100
09:25:01,6.57,S,1000
09:25:01,6.57,S,600
09:25:01,6.57,S,100
09:25:01,6.57,S,500
09:25:01,6.57,S,5000
09:25:01,6.57,S,100
09:25:01,6.57,S,300
09:25:01,6.57,S,100
09:25:01,6.57,S,3000
09:25:01,6.57,S,400
09:25:01,6.57,S,100
09:25:01,6.57,S,2000
09:25:01,6.57,S,1000
09:25:01,6.57,S,10000
09:25:01,6.57,S,1000
09:25:01,6.57,S,300
09:25:01,6.57,S,600
09:25:01,6.57,S,5000
09:25:01,6.57,S,400
09:25:01,6.57,S,1500
09:25:01,6.57,S,1000
09:25:01,6.57,S,5000
09:25:01,6.57,S,900
09:25:01,6.57,S,200
09:25:01,6.57,S,2000
09:25:01,6.57,S,1000
09:25:01,6.57,S,5000
09:25:01,6.57,S,100
09:25:01,6.57,S,1500
09:25:01,6.57,S,200
09:25:01,6.57,S,2000
09:25:01,6.57,S,3000
09:25:01,6.57,S,3000
09:25:01,6.57,S,1000
09:25:01,6.57,S,400
09:25:01,6.57,S,600
09:25:01,6.57,S,300
09:25:01,6.57,S,3000
09:25:01,6.57,S,2000
09:25:01,6.57,S,1000
09:25:01,6.57,S,1600
09:25:01,6.57,S,1100
09:25:01,6.57,S,900
09:25:01,6.57,S,300
09:25:01,6.57,S,2000
09:25:01,6.57,S,1100
09:25:01,6.57,S,1000
09:25:01,6.57,S,1000
09:25:01,6.57,S,100
09:25:01,6.57,S,1000
09:25:01,6.57,S,100
09:25:01,6.57,S,500
09:25:01,6.57,S,200
09:25:01,6.57,S,400
09:25:01,6.57,S,100
09:25:01,6.57,S,400
09:25:01,6.57,S,100
09:25:01,6.57,S,5000
09:25:01,6.57,S,200
09:25:01,6.57,S,1000
09:25:01,6.57,S,200
09:25:01,6.57,S,400
09:25:01,6.57,S,900
09:25:01,6.57,S,1000
09:25:01,6.57,S,100
09:25:01,6.57,S,500
09:25:01,6.57,S,1000
09:25:01,6.57,S,4000
09:25:01,6.57,S,200
09:25:01,6.57,S,100
09:25:01,6.57,S,200
09:25:01,6.57,S,1500
09:25:01,6.57,S,500
09:25:01,6.57,S,100
09:25:01,6.57,S,2000
09:25:01,6.57,S,5000
09:25:01,6.57,S,2000
09:25:01,6.57,S,300
09:25:01,6.57,S,5000
09:25:01,6.57,S,100
09:25:01,6.57,S,500
09:25:01,6.57,S,1500
09:25:01,6.57,S,700
09:25:01,6.57,S,2000
09:25:01,6.57,S,700
09:25:01,6.57,S,1000
09:25:01,6.57,S,1500
09:25:01,6.57,S,10000
09:25:01,6.57,S,200
09:25:01,6.57,S,300
09:25:01,6.57,S,2000
09:25:01,6.57,S,4000
09:25:01,6.57,S,10000
09:25:01,6.57,S,1600
09:25:01,6.57,S,500
09:25:01,6.57,S,100
09:25:01,6.57,S,4000
09:25:01,6.57,S,10000
09:25:01,6.57,S,100
09:25:01,6.57,S,2000
09:25:01,6.57,S,17000
09:25:01,6.57,S,2000
09:25:01,6.57,S,1000
09:25:01,6.57,S,200
09:25:01,6.57,S,100
09:25:01,6.57,S,12079
09:25:01,6.57,S,10021
09:25:01,6.57,S,500
09:25:01,6.57,S,1000
09:25:01,6.57,S,100
09:25:01,6.57,S,4000
09:25:01,6.57,S,200
09:25:01,6.57,S,500
09:25:01,6.57,S,1000
09:25:01,6.57,S,600
09:25:01,6.57,S,79
09:25:01,6.57,S,421
09:25:01,6.57,S,2000
09:25:01,6.57,S,1000
09:25:01,6.57,S,179
09:25:01,6.57,S,821
09:25:01,6.57,S,5000
09:25:01,6.57,S,200
09:25:01,6.57,S,1000
09:25:01,6.57,S,5000
09:25:01,6.57,S,2000
09:25:01,6.57,S,500
09:25:01,6.57,S,700
09:25:01,6.57,S,2900
09:25:01,6.57,S,1900
09:25:01,6.57,S,2000
09:25:01,6.57,S,200
09:25:01,6.57,S,10100
09:25:01,6.57,S,100
09:25:01,6.57,S,100
09:25:01,6.57,S,300
09:25:01,6.57,S,300
09:25:01,6.57,S,2000
09:25:01,6.57,S,1000
09:25:01,6.57,S,500
09:25:01,6.57,S,10000
09:25:01,6.57,S,3000
09:25:01,6.57,S,100
09:25:01,6.57,S,200
09:25:01,6.57,S,400
09:25:01,6.57,S,100
09:25:01,6.57,S,100
09:25:01,6.57,S,800
09:25:01,6.57,S,8679
09:25:01,6.57,S,2000
09:25:01,6.57,S,2000
09:25:01,6.57,S,17321
09:25:01,6.57,S,400
09:25:01,6.57,S,100
09:25:01,6.57,S,100
09:25:01,6.57,S,2000
09:25:01,6.57,S,500
09:25:01,6.57,S,100
09:25:01,6.57,S,400
09:25:01,6.57,S,700
09:25:01,6.57,S,7600
09:25:01,6.57,S,1000
09:25:01,6.57,S,100
09:25:01,6.57,S,500
09:25:01,6.57,S,100
09:25:01,6.57,S,3000
09:25:01,6.57,S,500
09:25:01,6.57,S,1000
09:25:01,6.57,S,5300
09:25:01,6.57,S,1500
09:25:01,6.57,S,1000
09:25:01,6.57,S,300
09:25:01,6.57,S,10000
09:25:01,6.57,S,300
09:25:01,6.57,S,1000
09:25:01,6.57,S,100
09:25:01,6.57,S,200
09:25:01,6.57,S,1200
09:25:01,6.57,S,2900
09:25:01,6.57,S,1000
09:25:01,6.57,S,2279
09:25:01,6.57,S,721
09:25:01,6.57,S,1000
09:25:01,6.57,S,100
09:25:01,6.57,S,2000
09:25:01,6.57,S,79
09:25:01,6.57,S,1121
09:25:01,6.57,S,500
09:25:01,6.57,S,100
09:25:01,6.57,S,900
09:25:01,6.57,S,1000
09:25:01,6.57,S,2000
09:25:01,6.57,S,53579
09:25:01,6.57,B,1500
09:25:01,6.57,B,100
09:25:01,6.57,B,800
09:25:01,6.57,B,100
09:25:01,6.57,S,2100
09:25:01,6.57,S,41821
09:25:01,6.57,S,1000
09:25:01,6.57,S,3300
09:25:01,6.57,S,2200
09:25:01,6.57,S,1000
09:25:01,6.57,S,200
09:25:01,6.57,S,4300
09:25:01,6.57,S,500
09:25:01,6.57,S,3000
09:25:01,6.57,S,500
09:25:01,6.57,S,7600
09:25:01,6.57,S,500
09:25:01,6.57,S,1600
09:25:01,6.57,S,1000
09:25:01,6.57,S,5000
09:25:01,6.57,S,1000
09:25:01,6.57,S,200
09:25:01,6.57,S,200
09:25:01,6.57,S,600
09:25:01,6.57,S,5000
09:25:01,6.57,S,1000
09:25:01,6.57,S,500
09:25:01,6.57,S,600
09:25:01,6.57,S,100
09:25:01,6.57,B,8000
09:25:01,6.57,B,300
09:25:01,6.57,B,500
09:25:01,6.57,S,2000
09:25:01,6.57,S,300
09:25:01,6.57,S,2000
09:25:01,6.57,S,3000
09:25:01,6.57,S,1000
09:25:01,6.57,S,3000
09:25:01,6.57,S,9179
09:25:01,6.57,S,500
09:25:01,6.57,S,200
09:25:01,6.57,B,500
09:25:01,6.57,B,500
09:25:01,6.57,B,1000
09:25:01,6.57,B,100
09:25:01,6.57,B,100
09:25:01,6.57,B,400
09:25:01,6.57,B,200
09:25:01,6.57,B,1200
09:25:01,6.57,B,300
09:25:01,6.57,B,100
09:25:01,6.57,B,1500
09:25:01,6.57,B,100
09:25:01,6.57,B,100
09:25:01,6.57,B,1500
09:25:01,6.57,B,1000
09:25:01,6.57,B,100
09:25:01,6.57,S,1000
09:25:01,6.57,S,100
09:25:01,6.57,S,321
09:25:01,6.57,B,179
09:25:01,6.57,S,1100
09:25:01,6.57,S,3400
09:25:01,6.57,S,321
09:25:01,6.57,S,100
09:25:01,6.57,S,2000
09:25:01,6.57,B,1200
09:25:01,6.57,B,2000
09:30:00,6.56,S,300
09:30:00,6.56,S,1000
09:30:00,6.56,S,100
09:30:00,6.56,S,400
09:30:00,6.56,S,100
09:30:00,6.56,S,100
09:30:00,6.56,S,100
09:30:00,6.56,S,100
09:30:00,6.56,S,300
09:30:00,6.57,B,400
09:30:01,6.56,S,1100
09:30:01,6.56,S,300
09:30:01,6.56,S,3000
09:30:01,6.56,S,3000
09:30:01,6.56,S,700
09:30:01,6.56,S,1000
09:30:01,6.56,S,5000
09:30:01,6.56,S,1000
09:30:01,6.56,S,1000
09:30:01,6.56,S,1000
09:30:01,6.56,S,300
09:30:01,6.56,S,5000
09:30:01,6.56,S,500
09:30:01,6.56,S,100
09:30:01,6.56,S,200
09:30:01,6.56,S,500
09:30:01,6.56,S,4000
09:30:01,6.55,S,100
09:30:01,6.55,S,500
09:30:01,6.55,S,200
09:30:01,6.55,S,2100
09:30:01,6.55,S,100
09:30:01,6.55,S,500
09:30:01,6.55,S,2000
09:30:01,6.55,S,4000
09:30:01,6.55,S,2000
09:30:01,6.55,S,4000
09:30:01,6.55,S,1000
09:30:01,6.55,S,2000
09:30:01,6.55,S,3000
09:30:01,6.55,S,800
09:30:01,6.55,S,2700
09:30:02,6.55,S,1500
09:30:02,6.55,S,600
09:30:02,6.55,S,1000
09:30:02,6.55,S,800
09:30:02,6.55,S,500
09:30:02,6.55,S,100
09:30:02,6.55,S,200
09:30:02,6.55,S,200
09:30:02,6.55,S,100
09:30:02,6.56,B,400
09:30:02,6.56,B,800
09:30:02,6.57,B,4800
09:30:02,6.55,S,100
09:30:02,6.55,S,1900
09:30:02,6.55,S,100
09:30:02,6.55,S,100
09:30:02,6.55,S,200
09:30:02,6.55,S,1100
09:30:02,6.55,S,1000
09:30:02,6.55,S,2000
09:30:02,6.55,S,500
09:30:02,6.55,S,3000
09:30:02,6.55,S,2000
09:30:02,6.56,B,1500
09:30:02,6.55,S,900
09:30:02,6.55,S,11600
09:30:02,6.56,B,300
09:30:02,6.56,B,1000
09:30:02,6.56,B,4400
09:30:02,6.56,B,600
09:30:02,6.56,B,100
09:30:02,6.55,S,5500
09:30:02,6.55,S,300
09:30:02,6.55,S,100
09:30:02,6.55,S,100
09:30:02,6.55,S,3000
09:30:02,6.55,S,1600
09:30:02,6.55,S,100
09:30:02,6.55,S,1300
09:30:02,6.55,S,500
09:30:02,6.55,S,200
09:30:02,6.55,S,3000
09:30:02,6.55,S,500
09:30:02,6.55,S,1800
09:30:02,6.55,S,700
09:30:02,6.55,S,4300
09:30:02,6.56,B,100
09:30:02,6.56,B,1500
09:30:02,6.56,B,500
09:30:02,6.56,B,2000
09:30:02,6.55,S,1800
09:30:02,6.55,S,200
09:30:02,6.55,S,100
09:30:02,6.56,B,2000
09:30:02,6.55,S,4600
09:30:02,6.55,S,5000
09:30:02,6.55,S,500
09:30:02,6.55,S,1000
09:30:02,6.55,S,1000
09:30:02,6.55,S,4900
09:30:02,6.55,S,1500
09:30:02,6.55,S,500
09:30:02,6.55,B,100
09:30:02,6.55,B,300
09:30:02,6.54,S,2000
09:30:02,6.54,S,1500
09:30:02,6.54,S,100
09:30:02,6.54,S,400
09:30:02,6.54,S,100
09:30:02,6.54,S,1000
09:30:02,6.54,S,400
09:30:02,6.54,S,100
09:30:02,6.54,S,200
09:30:02,6.54,S,1200
09:30:02,6.55,B,100
09:30:02,6.55,B,800
09:30:02,6.55,B,400
09:30:02,6.55,B,2000
09:30:02,6.55,B,100
09:30:02,6.55,B,100
09:30:02,6.55,B,800
09:30:02,6.54,S,500
09:30:02,6.54,S,100
09:30:02,6.54,S,400
09:30:02,6.54,S,100
09:30:02,6.55,B,1000
09:30:02,6.55,B,100
09:30:02,6.55,B,600
09:30:02,6.55,B,1000
09:30:02,6.55,B,100
09:30:02,6.55,B,400
09:30:02,6.55,B,17500
09:30:02,6.55,B,3000
09:30:02,6.54,S,3500
09:30:02,6.55,B,2000
09:30:02,6.55,B,600
09:30:02,6.55,B,500
09:30:02,6.54,S,800
09:30:02,6.54,S,2000
09:30:02,6.54,S,1000
09:30:02,6.54,S,4200
09:30:02,6.54,S,1000
09:30:02,6.55,B,6000
09:30:02,6.55,B,1700
09:30:02,6.55,B,100
09:30:02,6.54,S,100000
09:30:02,6.55,B,14900
09:30:02,6.55,B,1200
09:30:02,6.55,B,1000
09:30:02,6.56,B,5500
09:30:02,6.56,B,11800
09:30:02,6.56,B,400
09:30:02,6.56,B,1400
09:30:02,6.56,B,700
09:30:02,6.56,B,1700
09:30:02,6.56,B,200
09:30:02,6.56,B,23400
09:30:02,6.56,B,2000
09:30:02,6.56,B,100
09:30:02,6.56,B,2600
09:30:02,6.56,B,300
09:30:02,6.56,B,2200
09:30:02,6.56,B,100
09:30:02,6.56,B,200
09:30:02,6.56,B,21000
09:30:02,6.56,B,1000
09:30:02,6.56,B,1200
09:30:02,6.56,B,1100
09:30:02,6.56,B,1600
09:30:02,6.56,B,500
09:30:02,6.56,B,300
09:30:02,6.56,B,100
09:30:02,6.56,B,500
09:30:02,6.56,B,5000
09:30:02,6.56,B,300
09:30:02,6.56,B,200
09:30:02,6.56,B,100
09:30:02,6.57,B,12379
09:30:02,6.57,B,2000
09:30:02,6.57,B,8000
09:30:02,6.57,B,2100
09:30:02,6.57,B,7300
09:30:02,6.57,B,100
09:30:02,6.57,B,2000
09:30:02,6.57,B,2000
09:30:02,6.57,B,500
09:30:02,6.57,B,14000
09:30:02,6.57,B,10000
09:30:02,6.57,B,20000
09:30:02,6.57,B,96600
09:30:02,6.57,B,500
09:30:02,6.57,B,500
09:30:02,6.57,B,10000
09:30:02,6.57,B,1000
09:30:02,6.57,B,14800
09:30:02,6.57,B,59300
09:30:02,6.57,B,17400
09:30:02,6.57,B,23800
09:30:02,6.57,B,2000
09:30:02,6.57,B,1000
09:30:02,6.57,B,20000
09:30:02,6.57,B,1000
09:30:02,6.57,B,39000
09:30:02,6.57,B,30121
09:30:02,6.56,B,300
09:30:02,6.56,B,700
09:30:02,6.56,B,300
09:30:02,6.56,B,1900
09:30:02,6.56,B,900
09:30:02,6.56,B,7200
09:30:02,6.54,S,400
09:30:02,6.55,B,400
09:30:02,6.55,B,600
09:30:02,6.55,B,900
09:30:02,6.55,B,500
09:30:02,6.55,B,2000
09:30:02,6.55,B,500
09:30:02,6.55,B,1000
09:30:02,6.55,B,1000
09:30:02,6.55,B,900
09:30:02,6.55,B,1600
09:30:02,6.56,B,100
09:30:02,6.56,B,3200
09:30:02,6.56,B,500
09:30:02,6.56,B,2700
09:30:02,6.56,B,2000
09:30:02,6.56,B,1300
09:30:02,6.56,B,400
09:30:02,6.56,B,1000
09:30:02,6.56,B,2300
09:30:02,6.55,B,1500
09:30:03,6.54,S,17200
09:30:03,6.54,S,200
09:30:03,6.54,S,2000
09:30:03,6.54,S,5000
09:30:03,6.54,S,5000
09:30:03,6.54,S,2000
09:30:03,6.54,S,500
09:30:03,6.54,S,700
09:30:03,6.54,S,500
09:30:03,6.54,S,6900
09:30:03,6.54,S,20000
09:30:03,6.55,B,3000
09:30:03,6.54,S,3100
09:30:03,6.54,S,1900
09:30:03,6.54,S,100
09:30:03,6.53,S,2900
09:30:03,6.55,B,5000
09:30:03,6.55,B,500
09:30:03,6.55,S,100
09:30:03,6.56,B,1600
09:30:03,6.56,B,600
09:30:03,6.56,B,400
09:30:03,6.55,S,200
09:30:03,6.56,B,500
09:30:03,6.56,B,200
09:30:03,6.55,S,200
09:30:03,6.54,B,3000
09:30:03,6.54,B,3000
09:30:03,6.53,S,4000
09:30:03,6.53,S,300
09:30:03,6.53,S,700
09:30:03,6.53,S,2000
09:30:03,6.54,B,2900
09:30:03,6.56,B,100
09:30:03,6.56,B,100
09:30:03,6.56,B,700
09:30:03,6.56,B,3200
09:30:03,6.56,B,300
09:30:03,6.56,B,1500
09:30:03,6.56,B,100
09:30:03,6.56,B,200
09:30:03,6.56,B,800
09:30:03,6.56,B,4600
09:30:03,6.54,B,200
09:30:03,6.54,B,1700
09:30:03,6.55,B,100
09:30:03,6.55,B,1200
09:30:03,6.55,B,2000
09:30:03,6.55,B,1000
09:30:03,6.55,B,29000
09:30:03,6.54,B,2000
09:30:03,6.54,B,500
09:30:03,6.54,B,9100
09:30:03,6.54,B,700
09:30:03,6.54,B,500
09:30:03,6.54,B,10000
09:30:03,6.54,B,1700
09:30:03,6.54,B,700
09:30:03,6.54,B,1000
09:30:03,6.54,B,10000
09:30:03,6.54,B,1000
09:30:03,6.54,B,300
09:30:03,6.54,B,500
09:30:03,6.54,B,100
09:30:03,6.54,B,100
09:30:03,6.54,B,1000
09:30:03,6.53,S,4200
09:30:03,6.53,S,1000
09:30:03,6.53,S,1000
09:30:03,6.53,S,2000
09:30:03,6.53,S,1000
09:30:03,6.53,S,5800
09:30:03,6.54,B,4300
09:30:03,6.54,B,100
09:30:03,6.54,B,100
09:30:03,6.54,B,1000
09:30:03,6.54,B,300
09:30:03,6.54,B,300
09:30:03,6.54,B,2000
09:30:03,6.53,S,500
09:30:03,6.54,B,3000
09:30:03,6.54,B,500
09:30:03,6.54,B,2000
09:30:03,6.54,B,100
09:30:03,6.54,B,1000
09:30:03,6.54,B,2000
09:30:03,6.54,B,500
09:30:03,6.54,B,1200
09:30:03,6.54,B,1300
09:30:03,6.54,B,1000
09:30:03,6.54,B,100
09:30:03,6.54,B,100
09:30:03,6.54,B,200
09:30:03,6.54,B,1000
09:30:03,6.54,B,100
09:30:03,6.54,B,10000
09:30:03,6.54,B,300
09:30:03,6.54,B,200
09:30:03,6.54,B,2000
09:30:03,6.54,B,210000
09:30:03,6.54,B,800
09:30:03,6.54,B,6000
09:30:03,6.54,B,6800
09:30:04,6.53,S,23700
09:30:04,6.53,S,300
09:30:04,6.53,S,10000
09:30:04,6.53,S,1500
09:30:04,6.53,S,1000
09:30:04,6.53,S,9000
09:30:04,6.53,S,1000
09:30:04,6.53,S,300
09:30:04,6.53,S,100
09:30:04,6.53,S,200
09:30:04,6.53,S,10000
09:30:04,6.53,S,1500
09:30:04,6.53,S,1000
09:30:04,6.53,S,800
09:30:04,6.53,S,2700
09:30:04,6.52,S,500
09:30:04,6.52,S,2000
09:30:04,6.52,S,500
09:30:04,6.52,S,2000
09:30:04,6.52,S,1300
09:30:04,6.52,S,2000
09:30:04,6.52,S,2000
09:30:04,6.52,S,3000
09:30:04,6.52,S,2100
09:30:04,6.52,S,1000
09:30:04,6.52,S,500
09:30:04,6.52,S,200
09:30:04,6.52,S,100000
09:30:04,6.52,S,500
09:30:04,6.52,S,1000
09:30:04,6.52,S,500
09:30:04,6.52,S,3500
09:30:04,6.52,S,10000
09:30:04,6.52,S,10000
09:30:04,6.52,S,3000
09:30:04,6.52,S,300
09:30:04,6.52,S,1000
09:30:04,6.52,S,1000
09:30:04,6.52,S,600
09:30:04,6.52,S,3000
09:30:04,6.52,S,2000
09:30:04,6.52,S,300
09:30:04,6.52,S,5000
09:30:04,6.52,S,20000
09:30:04,6.52,S,1000
09:30:04,6.52,S,10000
09:30:04,6.52,S,10000
09:30:04,6.52,S,2000
09:30:04,6.52,S,100
09:30:04,6.51,S,1400
09:30:04,6.51,S,2000
09:30:04,6.51,S,1000
09:30:04,6.51,S,1000
09:30:04,6.51,S,64000
09:30:04,6.51,S,500
09:30:04,6.51,S,2000
09:30:04,6.51,S,700
09:30:04,6.51,S,4000
09:30:04,6.51,S,1000
09:30:04,6.51,S,800
09:30:04,6.51,S,300
09:30:04,6.51,S,300
09:30:04,6.51,S,2000
09:30:04,6.51,S,1000
09:30:04,6.51,S,500
09:30:04,6.51,S,18300
09:30:04,6.51,S,4000
09:30:04,6.51,S,2000
09:30:04,6.51,S,200
09:30:04,6.51,S,2700
09:30:04,6.51,S,1200
09:30:04,6.51,S,5000
09:30:04,6.51,S,1200
09:30:04,6.51,S,1000
09:30:04,6.51,S,100
09:30:04,6.51,S,2700
09:30:04,6.51,S,40000
09:30:04,6.51,S,2000
09:30:04,6.51,S,500
09:30:04,6.51,S,10400
09:30:04,6.54,B,200
09:30:04,6.54,B,5000
09:30:04,6.54,B,100
09:30:04,6.54,B,20000
09:30:04,6.54,B,500
09:30:04,6.54,B,1300
09:30:04,6.54,B,43800
09:30:04,6.54,B,100
09:30:04,6.54,B,700
09:30:04,6.52,B,200
09:30:04,6.52,B,700
09:30:04,6.52,B,2600
09:30:04,6.52,B,1000
09:30:04,6.52,B,1600
09:30:04,6.52,B,300
09:30:04,6.54,B,1000
09:30:04,6.54,B,1000
09:30:04,6.54,B,11000
09:30:04,6.54,B,1000
09:30:04,6.54,B,1100
09:30:04,6.54,B,2000
09:30:04,6.54,B,400
09:30:04,6.53,S,200
09:30:04,6.53,S,600
09:30:04,6.53,B,200
09:30:04,6.53,B,2000
09:30:04,6.53,B,4800
09:30:04,6.54,B,25200
09:30:04,6.54,B,300
09:30:04,6.54,B,200
09:30:04,6.54,B,500
09:30:04,6.54,B,7500
09:30:04,6.54,B,600
09:30:04,6.54,B,2000
09:30:04,6.54,B,500
09:30:04,6.52,S,1000
09:30:04,6.52,S,2000
09:30:04,6.54,B,500
09:30:04,6.54,B,1000
09:30:04,6.54,B,100
09:30:04,6.54,B,300
09:30:04,6.54,B,100
09:30:04,6.54,B,1000
09:30:04,6.54,B,7000
09:30:04,6.54,B,1000
09:30:04,6.54,B,2000
09:30:04,6.54,B,2000
09:30:04,6.52,S,4000
09:30:04,6.54,B,1100
09:30:04,6.54,B,500
09:30:04,6.53,S,3000
09:30:04,6.54,B,300
09:30:04,6.54,B,1000
09:30:04,6.54,B,2500
09:30:04,6.54,B,1000
09:30:04,6.54,B,1000
09:30:04,6.54,B,500
09:30:04,6.54,B,1000
09:30:04,6.54,B,300
09:30:04,6.54,B,100
09:30:04,6.52,S,500
09:30:04,6.52,S,2100
09:30:04,6.54,B,1000
09:30:04,6.54,B,300
09:30:04,6.54,B,14200
09:30:04,6.54,B,100
09:30:04,6.54,B,2000
09:30:04,6.54,B,400
09:30:04,6.54,B,1700
09:30:04,6.54,B,3000
09:30:04,6.54,B,4800
09:30:04,6.54,B,1000
09:30:04,6.54,B,500
09:30:04,6.54,B,200
09:30:04,6.54,B,2000
09:30:04,6.54,B,100
09:30:04,6.54,B,19200
09:30:04,6.54,B,1000
09:30:04,6.54,B,2000
09:30:04,6.54,B,100
09:30:04,6.54,B,1000
09:30:04,6.54,B,1000
09:30:04,6.54,B,6000
09:30:04,6.54,B,10000
09:30:04,6.52,S,200
09:30:04,6.54,B,1000
09:30:04,6.54,B,3000
09:30:04,6.54,B,7800
09:30:04,6.54,B,1500
09:30:04,6.54,B,100
09:30:04,6.54,B,2500
09:30:04,6.54,B,5000
09:30:05,6.54,B,20800
09:30:05,6.54,B,3000
09:30:05,6.53,S,2000
09:30:05,6.52,S,1000
09:30:05,6.54,B,700
09:30:05,6.54,B,100
09:30:05,6.54,B,1000
09:30:05,6.54,B,3000
09:30:05,6.54,B,1000
09:30:05,6.54,B,100
09:30:05,6.52,S,1000
09:30:05,6.54,B,500
09:30:05,6.54,B,300
09:30:05,6.52,S,2800
09:30:05,6.52,S,2000
09:30:05,6.52,S,900
09:30:05,6.52,S,100
09:30:05,6.52,S,2000
09:30:05,6.52,S,300
09:30:05,6.52,S,300
09:30:05,6.51,S,9600
09:30:05,6.51,S,10000
09:30:05,6.51,S,1000
09:30:05,6.51,S,100
09:30:05,6.51,S,1000
09:30:05,6.51,S,200
09:30:05,6.51,S,500
09:30:05,6.51,S,10000
09:30:05,6.51,S,3000
09:30:05,6.51,S,20000
09:30:05,6.51,S,2100
09:30:05,6.51,S,100
09:30:05,6.51,S,2000
09:30:05,6.51,S,5000
09:30:05,6.51,S,500
09:30:05,6.51,S,100
09:30:05,6.51,S,1000
09:30:05,6.51,S,10000
09:30:05,6.51,S,100
09:30:05,6.51,S,3000
09:30:05,6.51,S,42300
09:30:05,6.54,B,1000
09:30:05,6.54,B,2000
09:30:05,6.54,B,2900
09:30:05,6.54,B,5000
09:30:05,6.54,B,500
09:30:05,6.51,S,500
09:30:05,6.54,B,1000
09:30:05,6.53,S,2000
09:30:05,6.53,S,4500
09:30:05,6.54,B,1100
09:30:05,6.54,B,4000
09:30:05,6.54,B,3000
09:30:05,6.54,B,100
09:30:05,6.54,B,600
09:30:05,6.54,B,2000
09:30:05,6.54,B,400
09:30:05,6.53,S,100
09:30:05,6.53,S,1400
09:30:05,6.53,S,1000
09:30:05,6.52,S,3500
09:30:05,6.54,B,60900
09:30:05,6.54,B,1000
09:30:05,6.54,B,500
09:30:05,6.54,B,200
09:30:05,6.54,B,500
09:30:05,6.54,B,10000
09:30:05,6.52,S,100
09:30:05,6.54,B,5000
09:30:05,6.54,B,3900
09:30:05,6.54,B,2600
09:30:05,6.54,B,100
09:30:05,6.54,B,200
09:30:05,6.54,B,2400
09:30:05,6.54,B,3000
09:30:05,6.54,B,2000
09:30:05,6.52,S,200
09:30:05,6.54,B,22000
09:30:05,6.54,B,10000
09:30:05,6.54,B,9200
09:30:05,6.54,B,1000
09:30:05,6.52,S,900
09:30:05,6.52,S,5000
09:30:05,6.52,S,600
09:30:05,6.52,S,600
09:30:05,6.52,S,600
09:30:05,6.52,S,100
09:30:05,6.51,S,6200
09:30:05,6.54,B,200
09:30:05,6.53,S,100
09:30:05,6.53,S,900
09:30:05,6.53,S,700
09:30:05,6.54,B,200
09:30:05,6.54,B,10000
09:30:05,6.53,S,100
09:30:05,6.54,B,100
09:30:05,6.54,B,22800
09:30:05,6.54,B,100
09:30:05,6.54,B,200
09:30:05,6.54,B,2000
09:30:05,6.54,B,30000
09:30:05,6.54,B,600
09:30:05,6.54,B,3000
09:30:06,6.53,S,1200
09:30:06,6.53,S,1800
09:30:06,6.54,B,200
09:30:06,6.53,S,500
09:30:06,6.54,B,1000
09:30:06,6.54,B,1000
09:30:06,6.54,B,800
09:30:06,6.53,S,5000
09:30:06,6.54,B,1000
09:30:06,6.54,B,200
09:30:06,6.54,B,10000
09:30:06,6.54,B,1000
09:30:06,6.54,B,200
09:30:06,6.54,B,400
09:30:06,6.53,S,4800
09:30:06,6.54,B,100
09:30:06,6.54,B,300
09:30:06,6.54,B,1800
09:30:06,6.54,B,100
09:30:06,6.54,B,200
09:30:06,6.54,B,100
09:30:06,6.54,B,56800
09:30:06,6.54,B,6700
09:30:06,6.54,B,18000
09:30:06,6.54,B,6200
09:30:06,6.54,B,700
09:30:06,6.54,B,5000
09:30:06,6.54,B,8000
09:30:06,6.54,B,1000
09:30:06,6.54,B,3100
09:30:06,6.54,B,2000
09:30:06,6.54,B,500
09:30:06,6.54,B,200
09:30:06,6.54,B,10000
09:30:06,6.54,B,1000
09:30:06,6.53,S,500
09:30:06,6.53,S,3000
09:30:06,6.54,B,10000
09:30:06,6.53,S,700
09:30:06,6.54,B,2000
09:30:06,6.54,B,3500
09:30:06,6.54,B,200
09:30:06,6.53,S,8000
09:30:06,6.53,S,3000
09:30:06,6.54,B,300
09:30:06,6.54,B,400
09:30:06,6.54,B,1000
09:30:06,6.54,B,700
09:30:06,6.54,B,1500
09:30:06,6.53,S,2000
09:30:06,6.54,B,1000
09:30:06,6.54,B,1000
09:30:06,6.54,B,2000
09:30:06,6.54,B,300
09:30:06,6.54,B,2000
09:30:06,6.54,B,500
09:30:07,6.54,B,100
09:30:07,6.54,B,500
09:30:07,6.54,B,4000
09:30:07,6.54,B,200
09:30:07,6.54,B,200
09:30:07,6.54,B,5000
09:30:07,6.54,B,1000
09:30:07,6.54,B,200
09:30:07,6.54,B,2000
09:30:07,6.54,B,10000
09:30:07,6.54,B,2000
09:30:07,6.54,B,5000
09:30:07,6.54,B,6000
09:30:07,6.54,B,400
09:30:07,6.54,B,800
09:30:07,6.54,B,1500
09:30:07,6.54,B,500
09:30:07,6.54,B,700
09:30:07,6.54,B,1000
09:30:07,6.54,B,100
09:30:07,6.54,B,300
09:30:07,6.53,S,100
09:30:07,6.54,B,10000
09:30:07,6.54,B,1000
09:30:07,6.54,B,1500
09:30:07,6.54,B,600
09:30:07,6.53,S,20600
09:30:07,6.53,S,400
09:30:07,6.53,S,200
09:30:07,6.53,B,100
09:30:07,6.53,B,100
09:30:07,6.53,B,2500
09:30:07,6.53,B,18700
09:30:07,6.53,B,4000
09:30:07,6.54,B,42300
09:30:07,6.54,B,2000
09:30:07,6.54,B,2000
09:30:07,6.54,B,500
09:30:07,6.54,B,1000
09:30:07,6.54,B,100
09:30:07,6.54,B,1000
09:30:07,6.54,B,300
09:30:07,6.53,S,500
09:30:07,6.52,S,200
09:30:07,6.52,S,500
09:30:07,6.52,S,700
09:30:07,6.52,S,2000
09:30:07,6.52,S,600
09:30:07,6.52,S,200
09:30:07,6.52,S,1100
09:30:07,6.52,S,3700
09:30:07,6.54,B,3000
09:30:07,6.52,S,300
09:30:07,6.54,B,4000
09:30:08,6.54,B,1100
09:30:08,6.54,B,6000
09:30:08,6.54,B,300
09:30:08,6.54,B,2700
09:30:08,6.54,B,2200
09:30:08,6.54,B,2000
09:30:08,6.54,B,200
09:30:08,6.54,B,4300
09:30:08,6.54,B,1000
09:30:08,6.54,B,700
09:30:08,6.53,S,600
09:30:08,6.52,S,2400
09:30:08,6.54,B,400
09:30:08,6.54,B,5000
09:30:08,6.54,B,2500
09:30:08,6.54,B,2900
09:30:08,6.54,B,1200
09:30:08,6.54,B,100
09:30:08,6.54,B,500
09:30:08,6.54,B,2000
09:30:08,6.54,B,500
09:30:08,6.54,B,800
09:30:08,6.54,B,100
09:30:08,6.54,B,3500
09:30:08,6.54,B,100
09:30:08,6.54,B,500
09:30:08,6.54,B,1800
09:30:08,6.54,B,1700
09:30:08,6.54,B,1000
09:30:08,6.54,B,2000
09:30:08,6.54,B,900
09:30:08,6.54,B,3000
09:30:08,6.54,B,1000
09:30:08,6.53,S,1000
09:30:08,6.52,S,1600
09:30:08,6.52,S,4300
09:30:08,6.52,S,2200
09:30:08,6.52,S,2800
09:30:08,6.54,B,1500
09:30:08,6.54,B,100
09:30:08,6.54,B,100
09:30:08,6.54,B,3000
09:30:08,6.54,B,1500
09:30:08,6.54,B,1500
09:30:08,6.54,B,900
09:30:08,6.54,B,500
09:30:08,6.54,B,400
09:30:08,6.54,B,400
09:30:08,6.54,B,100
09:30:08,6.54,B,2500
09:30:08,6.54,B,2700
09:30:08,6.54,B,2000
09:30:08,6.54,B,2300
09:30:08,6.54,B,5000
09:30:08,6.54,B,100
09:30:09,6.54,B,1200
09:30:09,6.54,B,100
09:30:09,6.52,S,2300
09:30:09,6.54,B,1600
09:30:09,6.54,B,500
09:30:09,6.53,S,600
09:30:09,6.54,B,1000
09:30:09,6.54,B,3600
09:30:09,6.54,B,800
09:30:09,6.54,B,7300
09:30:09,6.54,B,100
09:30:09,6.54,B,5800
09:30:09,6.54,B,600
09:30:09,6.54,B,1800
09:30:09,6.54,B,200
09:30:09,6.54,B,200
09:30:09,6.54,B,300
09:30:09,6.54,B,100
09:30:09,6.54,B,4900
09:30:09,6.54,B,900
09:30:09,6.54,B,4400
09:30:09,6.54,B,1000
09:30:09,6.54,B,2500
09:30:09,6.54,B,600
09:30:09,6.54,B,800
09:30:09,6.54,B,700
09:30:09,6.54,B,500
09:30:09,6.54,B,300
09:30:09,6.53,S,400
09:30:09,6.53,S,800
09:30:09,6.53,S,5000
09:30:09,6.52,S,4800
09:30:09,6.52,S,200
09:30:09,6.53,B,300
09:30:10,6.53,B,14700
09:30:10,6.54,B,5300
09:30:10,6.54,B,3200
09:30:10,6.54,B,2000
09:30:10,6.54,B,500
09:30:10,6.54,B,900
09:30:10,6.54,B,400
09:30:10,6.54,B,1700
09:30:10,6.54,B,1000
09:30:10,6.54,B,300
09:30:10,6.54,B,600
09:30:10,6.54,B,8100
09:30:10,6.54,B,300
09:30:10,6.54,B,500
09:30:10,6.54,B,300
09:30:10,6.53,B,100
09:30:10,6.54,B,3000
09:30:10,6.54,B,100
09:30:10,6.54,B,500
09:30:10,6.54,B,200
09:30:10,6.54,B,100
09:30:10,6.54,B,300
09:30:10,6.54,B,10000
09:30:10,6.52,S,7900
09:30:10,6.52,S,500
09:30:10,6.52,S,3100
09:30:10,6.54,B,3000
09:30:10,6.54,B,200
09:30:10,6.54,B,3400
09:30:10,6.55,B,5800
09:30:10,6.55,B,2000
09:30:10,6.55,B,5000
09:30:10,6.54,B,5000
09:30:10,6.54,B,1500
09:30:10,6.54,B,100
09:30:10,6.54,B,400
09:30:10,6.54,B,500
09:30:10,6.55,B,500
09:30:10,6.55,B,100
09:30:11,6.55,B,100
09:30:11,6.55,B,1000
09:30:11,6.54,B,1000
09:30:11,6.54,B,300
09:30:11,6.54,B,300
09:30:11,6.54,B,500
09:30:11,6.54,B,900
09:30:11,6.55,B,100
09:30:11,6.55,B,2000
09:30:11,6.55,B,200
09:30:11,6.55,B,1800
09:30:11,6.55,B,700
09:30:11,6.55,B,1000
09:30:11,6.55,B,1500
09:30:11,6.54,B,1000
09:30:11,6.54,B,8000
09:30:11,6.53,S,800
09:30:11,6.54,B,2000
09:30:11,6.54,B,500
09:30:11,6.54,B,1500
09:30:11,6.54,B,1000
09:30:11,6.54,B,2000
09:30:11,6.54,B,500
09:30:11,6.54,B,3000
09:30:11,6.54,B,15000
09:30:11,6.54,B,200
09:30:11,6.54,B,50000
09:30:11,6.54,B,4900
09:30:11,6.54,B,200
09:30:11,6.54,B,6700
09:30:11,6.53,S,1200
09:30:11,6.53,S,100
09:30:11,6.54,B,900
09:30:12,6.52,S,100
09:30:12,6.54,B,2000
09:30:12,6.54,B,500
09:30:12,6.54,B,1000
09:30:12,6.53,S,200
09:30:12,6.54,B,300
09:30:12,6.54,B,40000
09:30:12,6.54,B,600
09:30:12,6.54,B,1000
09:30:12,6.54,B,1000
09:30:12,6.54,B,1000
09:30:12,6.54,B,1000
09:30:12,6.54,B,500
09:30:12,6.54,B,3000
09:30:12,6.54,B,2000
09:30:12,6.54,B,5400
09:30:12,6.54,B,1000
09:30:12,6.54,B,3000
09:30:12,6.54,B,2000
09:30:12,6.54,B,200
09:30:12,6.54,B,1000
09:30:12,6.53,S,100
09:30:12,6.52,S,1800
09:30:12,6.52,S,300
09:30:12,6.52,S,800
09:30:12,6.54,B,200
09:30:12,6.54,B,1000
09:30:12,6.54,B,100
09:30:12,6.54,B,500
09:30:12,6.52,S,700
09:30:12,6.52,S,1000
09:30:12,6.52,S,1300
09:30:12,6.54,B,7100
09:30:12,6.54,B,100
09:30:13,6.54,B,2000
09:30:13,6.54,B,200
09:30:13,6.54,B,10000
09:30:13,6.54,B,3000
09:30:13,6.54,B,2000
09:30:13,6.54,B,100
09:30:13,6.54,B,1000
09:30:13,6.54,B,200
09:30:13,6.53,S,400
09:30:13,6.54,B,1000
09:30:13,6.54,B,100
09:30:13,6.54,B,1500
09:30:13,6.54,B,400
09:30:13,6.54,B,5000
09:30:13,6.54,B,1000
09:30:13,6.54,B,2000
09:30:13,6.53,S,500
09:30:13,6.54,B,1000
09:30:13,6.54,B,300
09:30:13,6.53,S,1500
09:30:14,6.54,B,1000
09:30:14,6.54,B,300
09:30:14,6.54,B,300
09:30:14,6.53,S,300
09:30:14,6.54,B,1900
09:30:14,6.54,B,1200
09:30:14,6.54,B,1000
09:30:14,6.53,S,2100
09:30:14,6.54,B,100
09:30:14,6.54,B,20000
09:30:14,6.54,B,300
09:30:14,6.54,B,500
09:30:14,6.54,B,1000
09:30:15,6.54,B,1000
09:30:15,6.54,B,500
09:30:15,6.53,S,6000
09:30:15,6.53,S,9200
09:30:15,6.52,S,5000
09:30:15,6.54,B,500
09:30:15,6.54,B,600
09:30:15,6.54,B,500
09:30:15,6.54,B,1000
09:30:15,6.54,B,400
09:30:16,6.53,B,100
09:30:16,6.53,B,200
09:30:16,6.54,B,800
09:30:16,6.54,B,7000
09:30:16,6.52,S,13700
09:30:16,6.52,S,500
09:30:16,6.52,S,100
09:30:16,6.52,S,1500
09:30:16,6.52,S,100
09:30:16,6.52,S,2000
09:30:16,6.52,S,2100
09:30:16,6.54,B,500
09:30:16,6.54,B,200
09:30:16,6.54,B,600
09:30:16,6.54,B,100
09:30:16,6.54,B,600
09:30:16,6.54,B,200
09:30:16,6.54,B,100
09:30:16,6.52,S,2900
09:30:16,6.52,S,2100
09:30:16,6.54,B,200
09:30:16,6.52,S,900
09:30:16,6.52,S,1000
09:30:16,6.52,S,1000
09:30:16,6.52,S,1000
09:30:16,6.52,S,100
09:30:16,6.52,S,200
09:30:16,6.52,S,1000
09:30:16,6.52,S,1000
09:30:16,6.52,S,3800
09:30:16,6.54,B,200
09:30:16,6.52,S,15000
09:30:17,6.52,S,5000
09:30:17,6.54,B,1000
09:30:17,6.53,S,1000
09:30:17,6.52,S,100
09:30:18,6.54,B,200
09:30:18,6.54,B,100
09:30:18,6.54,B,200
09:30:18,6.52,S,15800
09:30:18,6.54,B,100
09:30:18,6.54,B,600
09:30:18,6.54,B,5000
09:30:19,6.54,B,100
09:30:19,6.53,B,3700
09:30:19,6.53,S,6300
09:30:19,6.52,S,2300
09:30:19,6.52,S,1000
09:30:19,6.52,S,2500
09:30:19,6.52,S,1000
09:30:19,6.52,S,1000
09:30:19,6.52,S,1000
09:30:19,6.52,S,3000
09:30:19,6.51,S,1000
09:30:19,6.51,S,500
09:30:19,6.51,S,3000
09:30:19,6.51,S,500
09:30:19,6.51,S,2000
09:30:19,6.51,S,1000
09:30:19,6.51,S,1000
09:30:19,6.51,S,2600
09:30:19,6.51,S,20000
09:30:19,6.51,S,100
09:30:19,6.51,S,2000
09:30:19,6.51,S,2000
09:30:19,6.51,S,2000
09:30:19,6.51,S,500
09:30:19,6.51,S,1200
09:30:19,6.51,S,5000
09:30:19,6.51,S,200
09:30:19,6.51,S,500
09:30:19,6.51,S,1000
09:30:19,6.51,S,400
09:30:19,6.51,S,7000
09:30:19,6.51,S,10000
09:30:19,6.51,S,1000
09:30:19,6.51,S,300
09:30:19,6.51,S,17100
09:30:19,6.54,B,2000
09:30:19,6.51,S,2000
09:30:19,6.54,B,800
09:30:19,6.52,S,1000
09:30:19,6.51,S,2000
09:30:20,6.51,S,10900
09:30:20,6.52,B,500
09:30:20,6.52,B,700
09:30:20,6.52,B,500
09:30:20,6.54,B,3800
09:30:20,6.54,B,800
09:30:20,6.52,B,100
09:30:20,6.54,B,200
09:30:20,6.54,B,6300
09:30:20,6.52,B,100
09:30:20,6.52,B,1600
09:30:20,6.54,B,400
09:30:20,6.52,B,1000
09:30:21,6.52,B,3500
09:30:21,6.52,B,100
09:30:21,6.54,B,1400
09:30:21,6.54,B,400
09:30:21,6.53,B,1900
09:30:21,6.51,S,15000
09:30:21,6.52,B,100
09:30:21,6.53,B,900
09:30:21,6.52,B,500
09:30:21,6.51,S,1800
09:30:21,6.52,B,500
09:30:21,6.52,B,9700
09:30:21,6.52,B,300
09:30:21,6.52,B,700
09:30:21,6.53,B,3000
09:30:21,6.54,B,200
09:30:22,6.54,B,10000
09:30:22,6.53,S,1700
09:30:22,6.54,B,2000
09:30:22,6.53,S,5400
09:30:22,6.54,B,2000
09:30:22,6.54,B,1600
09:30:22,6.54,B,300
09:30:22,6.54,B,1000
09:30:22,6.54,B,7600
09:30:22,6.53,S,700
09:30:22,6.54,B,100
09:30:22,6.53,S,3500
09:30:22,6.53,S,1000
09:30:22,6.53,S,2000
09:30:22,6.53,S,2000
09:30:22,6.52,S,4000
09:30:22,6.52,S,2000
09:30:23,6.52,B,1000
09:30:23,6.52,B,1000
09:30:23,6.52,B,2000
09:30:23,6.51,S,2500
09:30:23,6.52,B,1000
09:30:24,6.52,B,1000
09:30:24,6.52,B,5000
09:30:24,6.52,B,4000
09:30:24,6.51,S,2600
09:30:24,6.52,B,600
09:30:24,6.52,B,3900
09:30:24,6.52,B,1200
09:30:24,6.52,B,2000
09:30:25,6.52,B,1500
09:30:25,6.51,S,1500
09:30:25,6.52,B,100
09:30:25,6.52,B,1400
09:30:25,6.52,B,160000
09:30:25,6.51,S,5000
09:30:25,6.52,B,1000
09:30:25,6.51,S,7800
09:30:26,6.52,B,1500
09:30:26,6.52,B,20000
09:30:26,6.52,B,2000
09:30:26,6.52,B,69800
09:30:26,6.52,B,18700
09:30:27,6.52,B,300
09:30:27,6.52,B,5100
09:30:27,6.52,B,500
09:30:27,6.52,B,18000
09:30:27,6.51,S,41800
09:30:27,6.51,S,800
09:30:27,6.51,S,3300
09:30:27,6.51,S,1000
09:30:27,6.51,S,1300
09:30:27,6.51,S,1800
09:30:27,6.52,B,4800
09:30:27,6.52,B,100
09:30:27,6.52,B,2200
09:30:27,6.52,B,1000
09:30:27,6.51,S,200
09:30:27,6.51,S,500
09:30:27,6.51,S,100
09:30:28,6.52,B,400
09:30:28,6.52,B,1000
09:30:28,6.52,B,100
09:30:28,6.52,B,200
09:30:28,6.52,B,200
09:30:29,6.51,S,400
09:30:29,6.51,S,600
09:30:29,6.51,S,1000
09:30:29,6.51,S,4000
09:30:29,6.52,B,500
09:30:29,6.52,B,300
09:30:29,6.51,S,2200
09:30:29,6.51,S,2000
09:30:29,6.51,S,1500
09:30:29,6.52,B,13000
09:30:29,6.51,S,500
09:30:30,6.51,S,1000
09:30:30,6.51,S,700
09:30:30,6.51,S,800
09:30:30,6.52,B,2000
09:30:30,6.51,S,1500
09:30:30,6.51,S,100
09:30:30,6.51,S,2400
09:30:30,6.52,B,10000
09:30:30,6.51,S,100
09:30:30,6.51,S,7500
09:30:30,6.51,S,7800
09:30:30,6.51,S,400
09:30:30,6.51,S,200
09:30:30,6.51,S,20400
09:30:30,6.52,B,2000
09:30:31,6.51,S,23700
09:30:31,6.51,S,3500
09:30:31,6.52,B,11200
09:30:31,6.52,B,4000
09:30:31,6.52,B,400
09:30:31,6.51,S,500
09:30:31,6.52,B,5000
09:30:31,6.52,B,100
09:30:31,6.52,B,5000
09:30:31,6.52,B,1000
09:30:31,6.51,S,45800
09:30:31,6.51,S,5000
09:30:31,6.51,S,3000
09:30:31,6.51,S,5000
09:30:31,6.51,S,200
09:30:31,6.51,S,1000
09:30:31,6.51,S,5200
09:30:31,6.51,S,10000
09:30:31,6.51,S,3000
09:30:31,6.51,S,8900
09:30:31,6.51,S,1000
09:30:31,6.51,S,500
09:30:31,6.51,S,2900
09:30:31,6.51,S,1900
09:30:31,6.51,S,6500
09:30:31,6.52,B,2500
09:30:31,6.51,S,100
09:30:32,6.52,B,100
09:30:32,6.52,B,200
09:30:32,6.52,B,95600
09:30:32,6.52,B,1900
09:30:32,6.52,B,4400
09:30:32,6.52,B,6000
09:30:32,6.52,B,200
09:30:32,6.52,B,15900
09:30:32,6.52,B,4600
09:30:32,6.52,B,500
09:30:32,6.52,B,200
09:30:32,6.52,B,1400
09:30:32,6.52,B,3000
09:30:32,6.52,B,4000
09:30:32,6.52,B,700
09:30:32,6.52,B,800
09:30:32,6.52,B,5700
09:30:32,6.52,B,300
09:30:32,6.52,B,300
09:30:32,6.52,B,800
09:30:32,6.52,B,200
09:30:32,6.52,S,2000
09:30:32,6.51,S,4500
09:30:32,6.53,B,200
09:30:32,6.51,S,400
09:30:32,6.51,S,5200
09:30:32,6.51,S,4600
09:30:33,6.53,B,300
09:30:33,6.52,S,700
09:30:33,6.52,S,7300
09:30:34,6.53,B,500
09:30:34,6.53,B,500
09:30:34,6.52,S,2600
09:30:34,6.52,S,13100
09:30:34,6.52,S,200
09:30:34,6.52,S,26100
09:30:34,6.52,S,10700
09:30:34,6.51,S,1500
09:30:34,6.51,S,1900
09:30:34,6.51,S,700
09:30:34,6.51,S,500
09:30:34,6.51,S,1000
09:30:34,6.51,S,2000
09:30:34,6.51,S,1700
09:30:34,6.51,S,1300
09:30:34,6.51,S,4700
09:30:35,6.52,B,3000
09:30:35,6.52,B,260200
09:30:35,6.52,B,27100
09:30:35,6.52,B,9212
09:30:35,6.52,B,6300
09:30:35,6.53,B,2300
09:30:35,6.53,B,1000
09:30:35,6.53,B,800
09:30:35,6.53,B,800
09:30:35,6.53,B,1400
09:30:35,6.53,B,1100
09:30:35,6.53,B,500
09:30:35,6.53,B,1800
09:30:35,6.53,B,2000
09:30:35,6.53,B,1100
09:30:35,6.53,B,1400
09:30:35,6.53,B,5900
09:30:35,6.53,B,800
09:30:35,6.53,B,5800
09:30:35,6.53,B,5500
09:30:35,6.53,B,100
09:30:35,6.53,B,1000
09:30:35,6.53,B,200
09:30:35,6.53,B,200
09:30:35,6.53,B,500
09:30:35,6.53,B,1300
09:30:35,6.53,B,5000
09:30:35,6.53,B,1000
09:30:35,6.53,B,800
09:30:35,6.53,B,3000
09:30:35,6.53,B,30000
09:30:35,6.53,B,1000
09:30:35,6.53,B,1300
09:30:35,6.53,B,2000
09:30:35,6.53,B,10000
09:30:35,6.53,B,10000
09:30:35,6.53,B,600
09:30:35,6.53,B,4300
09:30:35,6.53,B,18000
09:30:35,6.53,B,300
09:30:35,6.53,B,2788
09:30:35,6.51,S,300
09:30:35,6.51,S,100
09:30:35,6.51,S,2600
09:30:35,6.53,B,1000
09:30:35,6.52,B,500
09:30:35,6.51,S,1400
09:30:35,6.51,S,1400
09:30:35,6.51,S,500
09:30:35,6.51,S,200
09:30:35,6.51,S,500
09:30:35,6.51,S,100
09:30:35,6.51,S,5200
09:30:35,6.52,B,100
09:30:35,6.52,S,400
09:30:35,6.51,S,1600
09:30:35,6.53,B,212
09:30:35,6.53,B,300
09:30:35,6.53,B,800
09:30:35,6.53,B,188
09:30:35,6.53,B,1000
09:30:35,6.53,B,312
09:30:35,6.53,B,88
09:30:36,6.53,B,500
09:30:36,6.52,S,1000
09:30:36,6.51,S,1500
09:30:36,6.52,S,500
09:30:36,6.52,B,1000
09:30:36,6.51,S,200
09:30:36,6.51,S,1200
09:30:36,6.51,S,300
09:30:36,6.51,S,200
09:30:36,6.51,S,100
09:30:36,6.51,S,2700
09:30:36,6.51,S,300
09:30:37,6.52,B,200
09:30:37,6.53,B,7712
09:30:37,6.53,B,300
09:30:37,6.53,B,8000
09:30:37,6.53,B,1400
09:30:37,6.53,B,200
09:30:37,6.53,B,100
09:30:37,6.53,B,1000
09:30:37,6.53,B,88
09:30:37,6.52,S,1200
09:30:37,6.52,S,500
09:30:37,6.51,S,1200
09:30:37,6.51,S,2000
09:30:37,6.51,S,1000
09:30:37,6.51,S,600
09:30:37,6.51,S,5000
09:30:37,6.51,S,100
09:30:37,6.51,S,900
09:30:37,6.51,S,600
09:30:37,6.51,S,200
09:30:37,6.52,S,100
09:30:37,6.51,S,1000
09:30:37,6.52,B,300
09:30:37,6.52,B,700
09:30:38,6.51,S,3000
09:30:38,6.51,S,200
09:30:38,6.51,S,300
09:30:38,6.52,B,300
09:30:38,6.52,B,900
09:30:38,6.51,S,1000
09:30:38,6.51,S,700
09:30:38,6.51,S,500
09:30:38,6.51,S,1300
09:30:38,6.51,S,200
09:30:38,6.52,B,800
09:30:38,6.52,B,200
09:30:38,6.53,B,312
09:30:38,6.53,B,200
09:30:38,6.53,B,100
09:30:38,6.53,B,1388
09:30:38,6.51,S,6800
09:30:38,6.51,S,10000
09:30:38,6.51,S,13200
09:30:38,6.51,S,300
09:30:38,6.51,S,2500
09:30:38,6.51,S,1500
09:30:38,6.51,S,5000
09:30:38,6.51,S,5000
09:30:39,6.52,B,600
09:30:39,6.52,S,3500
09:30:39,6.52,S,5900
09:30:39,6.51,S,2500
09:30:39,6.51,S,1600
09:30:39,6.53,B,500
09:30:39,6.51,S,400
09:30:39,6.51,S,500
09:30:39,6.51,S,500
09:30:39,6.51,S,3500
09:30:39,6.51,S,100
09:30:39,6.52,B,1600
09:30:39,6.51,S,3100
09:30:39,6.51,S,2000
09:30:39,6.51,S,2900
09:30:39,6.51,S,2100
09:30:39,6.51,S,300
09:30:39,6.51,S,1000
09:30:39,6.51,S,2000
09:30:39,6.51,S,2000
09:30:39,6.51,S,3000
09:30:39,6.51,S,5000
09:30:39,6.51,S,10200
09:30:39,6.51,S,2000
09:30:39,6.51,S,10000
09:30:39,6.51,S,1000
09:30:39,6.51,S,8600
09:30:39,6.51,S,1400
09:30:39,6.51,S,800
09:30:39,6.51,S,1000
09:30:39,6.51,S,800
09:30:39,6.51,S,5000
09:30:39,6.51,S,1000
09:30:39,6.51,S,1000
09:30:39,6.52,B,1000
09:30:39,6.52,B,400
09:30:39,6.52,B,600
09:30:39,6.51,S,200
09:30:39,6.51,S,1000
09:30:40,6.51,S,200
09:30:40,6.51,S,400
09:30:40,6.51,S,200
09:30:40,6.51,S,400
09:30:40,6.51,S,14600
09:30:40,6.51,S,400
09:30:40,6.51,S,6800
09:30:40,6.51,S,3000
09:30:40,6.51,S,200
09:30:40,6.51,S,200
09:30:40,6.51,S,800
09:30:40,6.51,S,300
09:30:40,6.51,S,200
09:30:40,6.51,S,500
09:30:40,6.52,B,2000
09:30:40,6.51,S,800
09:30:40,6.51,S,3200
09:30:40,6.51,S,2000
09:30:40,6.51,S,3600
09:30:40,6.51,S,500
09:30:40,6.51,S,900
09:30:40,6.51,S,2000
09:30:40,6.52,B,2600
09:30:41,6.51,S,300
09:30:41,6.51,S,400
09:30:41,6.52,B,1000
09:30:41,6.52,B,100
09:30:41,6.51,S,2000
09:30:41,6.52,B,6500
09:30:41,6.52,B,1000
09:30:41,6.52,B,500
09:30:41,6.51,S,300
09:30:41,6.51,S,1300
09:30:41,6.51,S,1700
09:30:41,6.51,S,300
09:30:41,6.51,S,500
09:30:41,6.51,S,7200
09:30:41,6.51,S,3500
09:30:41,6.52,B,100
09:30:41,6.52,B,100
09:30:41,6.52,B,400
09:30:41,6.52,B,200
09:30:41,6.52,S,700
09:30:41,6.52,S,2600
09:30:41,6.51,S,2400
09:30:42,6.53,B,1112
09:30:42,6.53,B,1300
09:30:42,6.53,B,4100
09:30:42,6.53,B,5000
09:30:42,6.53,B,400
09:30:42,6.53,B,400
09:30:42,6.53,B,300
09:30:42,6.53,B,5300
09:30:42,6.53,B,600
09:30:42,6.53,B,700
09:30:42,6.53,B,7200
09:30:42,6.53,B,800
09:30:42,6.53,B,200
09:30:42,6.53,B,12588
09:30:42,6.53,B,1000
09:30:42,6.53,B,1000
09:30:42,6.52,S,3000
09:30:42,6.51,S,3500
09:30:42,6.51,S,600
09:30:42,6.51,S,1000
09:30:42,6.53,B,1600
09:30:42,6.52,S,10900
09:30:42,6.52,S,1000
09:30:42,6.52,S,2100
09:30:42,6.52,S,3500
09:30:42,6.51,S,1900
09:30:42,6.51,S,800
09:30:42,6.51,S,1000
09:30:42,6.51,S,3500
09:30:42,6.51,S,600
09:30:42,6.51,S,10000
09:30:42,6.51,S,1000
09:30:42,6.51,S,10000
09:30:42,6.51,B,1300
09:30:42,6.51,B,500
09:30:42,6.51,B,2200
09:30:42,6.5,S,7900
09:30:42,6.51,B,200
09:30:42,6.51,B,100
09:30:42,6.5,S,9700
09:30:43,6.51,B,1000
09:30:43,6.5,S,300
09:30:43,6.51,B,1000
09:30:43,6.51,B,2100
09:30:43,6.51,B,500
09:30:43,6.51,B,800
09:30:43,6.51,B,20000
09:30:43,6.51,B,1000
09:30:43,6.51,B,3000
09:30:43,6.51,B,2000
09:30:43,6.51,B,1700
09:30:43,6.51,B,300
09:30:43,6.5,S,4300
09:30:43,6.51,B,600
09:30:43,6.51,B,10000
09:30:43,6.51,B,5000
09:30:43,6.5,S,1000
09:30:43,6.51,B,5000
09:30:43,6.51,B,10000
09:30:44,6.51,B,1000
09:30:44,6.51,B,50000
09:30:44,6.5,S,600
09:30:44,6.5,S,700
09:30:44,6.51,B,700
09:30:44,6.51,B,5000
09:30:44,6.5,S,100
09:30:44,6.51,B,5000
09:30:44,6.51,B,500
09:30:44,6.51,B,2000
09:30:44,6.51,B,100
09:30:44,6.51,B,8000
09:30:44,6.51,B,3000
09:30:45,6.51,B,1000
09:30:45,6.51,B,100
09:30:45,6.51,B,500
09:30:45,6.51,B,1000
09:30:45,6.51,B,4000
09:30:45,6.51,B,40000
09:30:45,6.51,B,300
09:30:45,6.51,B,1000
09:30:45,6.51,B,700
09:30:45,6.51,B,1000
09:30:45,6.51,B,59900
09:30:45,6.5,S,3000
09:30:45,6.5,S,1500
09:30:45,6.51,B,5000
09:30:45,6.5,S,2000
09:30:45,6.51,B,1000
09:30:45,6.51,B,100
09:30:45,6.51,B,10000
09:30:45,6.51,B,100
09:30:46,6.51,B,600
09:30:46,6.51,B,700
09:30:46,6.51,B,197100
09:30:46,6.51,B,200
09:30:46,6.51,B,1000
09:30:46,6.51,B,100
09:30:46,6.51,B,1400
09:30:46,6.51,B,1000
09:30:46,6.51,B,2000
09:30:46,6.51,B,6600
09:30:46,6.51,B,3000
09:30:46,6.51,B,7700
09:30:46,6.51,B,4000
09:30:46,6.51,B,200
09:30:46,6.51,B,1000
09:30:46,6.51,B,600
09:30:46,6.51,B,1000
09:30:46,6.51,B,1500
09:30:46,6.51,B,200
09:30:46,6.51,B,400
09:30:46,6.51,B,1000
09:30:46,6.51,B,5100
09:30:46,6.51,B,1900
09:30:46,6.51,B,100
09:30:46,6.51,B,2500
09:30:46,6.51,B,11800
09:30:46,6.51,B,100
09:30:46,6.51,B,22100
09:30:46,6.51,B,3600
09:30:46,6.51,B,1000
09:30:46,6.52,B,400
09:30:46,6.52,B,100
09:30:46,6.52,B,2400
09:30:46,6.52,B,400
09:30:46,6.52,B,200
09:30:46,6.52,S,10000
09:30:46,6.52,S,1500
09:30:46,6.52,S,2800
09:30:46,6.52,S,2000
09:30:46,6.51,S,600
09:30:46,6.51,S,1900
09:30:46,6.51,S,500
09:30:46,6.51,B,300
09:30:46,6.51,B,500
09:30:47,6.51,B,1000
09:30:47,6.51,B,2000
09:30:47,6.51,B,1500
09:30:47,6.5,S,4000
09:30:47,6.51,B,5000
09:30:47,6.5,S,5000
09:30:47,6.51,B,17300
09:30:47,6.51,B,5000
09:30:47,6.51,B,2200
09:30:47,6.51,B,500
09:30:47,6.51,B,1900
09:30:47,6.51,B,600
09:30:47,6.51,B,100
09:30:47,6.51,B,200
09:30:47,6.51,B,300
09:30:47,6.51,B,300
09:30:47,6.51,B,200
09:30:47,6.52,B,5500
09:30:47,6.52,B,2200
09:30:47,6.52,B,2700
09:30:47,6.52,B,400
09:30:47,6.52,B,28000
09:30:47,6.52,S,1500
09:30:47,6.52,S,700
09:30:47,6.52,S,1100
09:30:47,6.52,S,8500
09:30:47,6.52,S,5000
09:30:47,6.52,S,100
09:30:47,6.52,S,5100
09:30:47,6.52,S,110000
09:30:47,6.52,S,2000
09:30:47,6.52,S,300
09:30:47,6.52,S,1000
09:30:47,6.52,S,3700
09:30:47,6.52,S,1000
09:30:47,6.52,S,1000
09:30:47,6.52,S,1000
09:30:47,6.52,S,1200
09:30:48,6.52,S,8200
09:30:48,6.52,S,600
09:30:48,6.53,B,500
09:30:48,6.51,S,100
09:30:48,6.51,S,300
09:30:48,6.52,B,1000
09:30:48,6.52,B,5000
09:30:48,6.51,S,4700
09:30:48,6.51,S,3000
09:30:48,6.51,B,200
09:30:48,6.51,B,1000
09:30:48,6.51,B,1200
09:30:48,6.5,S,200
09:30:48,6.5,S,1500
09:30:48,6.51,B,1000
09:30:48,6.5,S,8000
09:30:48,6.51,B,3000
09:30:49,6.51,B,1000
09:30:49,6.51,B,4900
09:30:49,6.51,B,5100
09:30:49,6.51,B,1700
09:30:49,6.51,B,1000
09:30:49,6.51,B,3000
09:30:49,6.51,B,1000
09:30:49,6.51,B,7200
09:30:49,6.51,B,1500
09:30:49,6.5,S,5000
09:30:50,6.51,B,1600
09:30:50,6.51,B,1400
09:30:50,6.51,B,3100
09:30:50,6.51,B,1700
09:30:50,6.51,B,300
09:30:50,6.51,B,200
09:30:50,6.51,B,700
09:30:50,6.51,B,1000
09:30:50,6.51,B,2000
09:30:50,6.51,B,500
09:30:50,6.51,B,400
09:30:50,6.51,B,100
09:30:50,6.51,B,400
09:30:50,6.51,B,2500
09:30:50,6.51,B,500
09:30:50,6.51,B,900
09:30:50,6.51,B,100
09:30:50,6.51,B,500
09:30:50,6.51,S,200
09:30:50,6.51,S,3700
09:30:50,6.52,B,1000
09:30:50,6.52,B,4500
09:30:50,6.52,B,5500
09:30:50,6.52,B,4500
09:30:50,6.52,B,300
09:30:50,6.52,B,200
09:30:51,6.52,B,1300
09:30:51,6.52,B,1000
09:30:51,6.52,B,2900
09:30:51,6.52,B,300
09:30:51,6.52,B,2200
09:30:51,6.52,B,800
09:30:51,6.52,B,500
09:30:51,6.52,S,200
09:30:51,6.52,S,8200
09:30:51,6.52,S,1000
09:30:51,6.52,S,200
09:30:51,6.52,S,13900
09:30:51,6.52,B,200
09:30:51,6.51,S,4600
09:30:51,6.51,S,1000
09:30:51,6.51,S,500
09:30:51,6.51,S,1000
09:30:51,6.51,B,3000
09:30:51,6.5,S,600
09:30:51,6.51,B,2000
09:30:51,6.51,B,30000
09:30:51,6.5,S,5500
09:30:51,6.5,S,76300
09:30:52,6.51,B,2000
09:30:52,6.51,B,4000
09:30:52,6.51,B,24100
09:30:52,6.51,B,46700
09:30:52,6.51,B,2200
09:30:52,6.51,B,800
09:30:52,6.52,B,136200
09:30:52,6.5,S,5000
09:30:52,6.5,S,400
09:30:52,6.51,B,2000
09:30:52,6.51,B,100
09:30:52,6.5,S,10000
09:30:52,6.51,B,500
09:30:52,6.51,B,1000
09:30:52,6.51,B,300
09:30:52,6.51,B,1100
09:30:52,6.51,B,900
09:30:52,6.5,S,4200
09:30:52,6.51,B,600
09:30:52,6.51,B,1500
09:30:52,6.5,S,4000
09:30:53,6.51,B,4500
09:30:53,6.51,B,100
09:30:53,6.51,S,600
09:30:53,6.51,S,1800
09:30:53,6.51,S,500
09:30:53,6.51,S,3500
09:30:53,6.51,S,600
09:30:53,6.51,S,200
09:30:53,6.51,S,600
09:30:53,6.51,S,1500
09:30:53,6.51,S,100
09:30:53,6.51,S,2200
09:30:53,6.51,S,1000
09:30:53,6.51,S,1300
09:30:53,6.51,S,1500
09:30:53,6.51,S,400
09:30:53,6.51,S,3100
09:30:53,6.51,S,6900
09:30:53,6.51,S,200
09:30:53,6.51,S,3000
09:30:53,6.51,S,10000
09:30:53,6.5,S,26400
09:30:53,6.5,S,16000
09:30:54,6.51,S,2200
09:30:54,6.51,S,6600
09:30:54,6.51,S,6200
09:30:54,6.51,B,1000
09:30:54,6.51,B,400
09:30:54,6.51,B,400
09:30:54,6.51,B,2000
09:30:54,6.51,B,2000
09:30:54,6.51,B,3000
09:30:54,6.5,S,5000
09:30:54,6.51,B,1000
09:30:54,6.51,B,1000
09:30:54,6.5,S,500
09:30:55,6.5,S,4000
09:30:55,6.51,B,600
09:30:55,6.51,B,600
09:30:55,6.51,B,2000
09:30:55,6.51,B,1800
09:30:55,6.51,B,2000
09:30:55,6.51,B,900
09:30:55,6.52,B,300
09:30:55,6.52,B,200
09:30:55,6.51,S,100
09:30:55,6.51,S,500
09:30:55,6.52,B,500
09:30:55,6.51,S,10000
09:30:55,6.52,B,200
09:30:56,6.51,S,100
09:30:56,6.51,S,3000
09:30:56,6.52,B,500
09:30:56,6.51,S,1800
09:30:56,6.51,S,200
09:30:56,6.51,S,4000
09:30:56,6.52,B,4000
09:30:56,6.51,S,1500
09:30:56,6.51,S,500
09:30:56,6.52,B,400
09:30:56,6.51,S,1400
09:30:56,6.51,S,2600
09:30:56,6.51,S,1000
09:30:56,6.51,S,1000
09:30:56,6.51,S,500
09:30:56,6.51,S,2800
09:30:56,6.51,S,600
09:30:56,6.51,S,2000
09:30:56,6.51,S,10000
09:30:56,6.51,S,10000
09:30:56,6.51,S,4500
09:30:56,6.51,S,100
09:30:56,6.51,S,400
09:30:56,6.51,S,1000
09:30:56,6.51,S,600
09:30:56,6.51,S,2000
09:30:56,6.51,S,1000
09:30:56,6.51,S,1000
09:30:56,6.51,S,2300
09:30:56,6.5,S,1200
09:30:56,6.51,S,1200
09:30:57,6.52,B,500
09:30:57,6.52,B,5000
09:30:57,6.51,S,100
09:30:57,6.51,S,200
09:30:57,6.5,S,2800
09:30:57,6.5,S,1500
09:30:57,6.5,S,100
09:30:57,6.5,S,100
09:30:57,6.5,S,2600
09:30:57,6.51,B,700
09:30:57,6.51,B,400
09:30:57,6.51,S,2900
09:30:57,6.5,S,17100
09:30:57,6.5,S,4600
09:30:57,6.5,S,6800
09:30:57,6.52,B,10000
09:30:57,6.52,B,500
09:30:57,6.5,S,1000
09:30:57,6.51,B,2200
09:30:57,6.51,S,300
09:30:57,6.5,S,4700
09:30:57,6.5,S,5000
09:30:57,6.5,S,200
09:30:57,6.51,B,500
09:30:57,6.51,B,1000
09:30:58,6.5,S,200
09:30:58,6.51,B,500
09:30:58,6.51,B,2000
09:30:58,6.51,B,7000
09:30:58,6.52,B,400
09:30:58,6.52,B,600
09:30:58,6.52,B,500
09:30:58,6.52,B,100
09:30:58,6.52,B,1400
09:30:58,6.51,S,500
09:30:58,6.52,B,200
09:30:58,6.51,S,500
09:30:58,6.51,S,200
09:30:58,6.51,S,400
09:30:58,6.5,S,1900
09:30:58,6.51,S,100
09:30:58,6.51,S,500
09:30:58,6.51,S,400
09:30:58,6.51,S,800
09:30:58,6.51,S,3000
09:30:58,6.5,S,5800
09:30:58,6.51,S,10000
09:30:58,6.5,S,500
09:30:58,6.51,B,1000
09:30:58,6.51,S,100
09:30:58,6.51,S,500
09:30:59,6.51,S,400
09:30:59,6.51,S,1000
09:30:59,6.51,S,100
09:30:59,6.51,S,4900
09:30:59,6.51,B,1100
09:30:59,6.51,B,600
09:30:59,6.5,S,800
09:30:59,6.51,B,600
09:30:59,6.51,B,1000
09:30:59,6.51,B,700
09:30:59,6.5,S,1000
09:30:59,6.51,B,1800
09:30:59,6.51,B,1000
09:30:59,6.51,B,2300
09:30:59,6.5,S,1600
09:30:59,6.5,S,100
09:30:59,6.51,B,1600
09:30:59,6.51,B,300
09:30:59,6.5,S,2000
09:30:59,6.51,B,1300
09:30:59,6.51,B,1000
09:30:59,6.52,B,400
09:30:59,6.52,B,300
09:30:59,6.5,S,5000
09:30:59,6.5,S,4500
09:30:59,6.5,S,50000
09:31:00,6.51,S,2600
09:31:00,6.51,S,2600
09:31:00,6.51,S,2000
09:31:00,6.51,S,300
09:31:00,6.5,S,1000
09:31:00,6.5,S,5000
09:31:00,6.51,S,1000
09:31:00,6.5,S,99000
09:31:00,6.52,B,100
09:31:00,6.51,S,100
09:31:00,6.5,S,5500
09:31:00,6.5,S,2000
09:31:00,6.51,B,800
09:31:00,6.51,B,400
09:31:00,6.51,S,100
09:31:00,6.51,S,1500
09:31:00,6.51,S,1000
09:31:00,6.51,S,1000
09:31:00,6.51,S,6800
09:31:00,6.51,S,1000
09:31:00,6.51,B,6000
09:31:00,6.5,S,900
09:31:00,6.5,S,200
09:31:00,6.51,B,300
09:31:00,6.51,B,3000
09:31:00,6.5,S,2000
09:31:00,6.51,B,1000
09:31:01,6.51,B,100
09:31:01,6.51,B,1000
09:31:01,6.51,B,200
09:31:01,6.51,B,400
09:31:01,6.51,B,100
09:31:01,6.51,B,1000
09:31:01,6.51,B,10000
09:31:01,6.51,B,400
09:31:01,6.5,S,500
09:31:01,6.5,S,1800
09:31:01,6.5,S,400
09:31:01,6.5,S,500
09:31:01,6.5,S,3200
09:31:01,6.51,B,20000
09:31:01,6.51,B,100
09:31:01,6.5,S,200
09:31:01,6.5,S,600
09:31:01,6.51,B,2000
09:31:01,6.51,B,200
09:31:01,6.5,S,1000
09:31:01,6.5,S,30000
09:31:01,6.5,S,2000
09:31:01,6.51,B,1000
09:31:01,6.51,B,1000
09:31:01,6.5,S,100
09:31:01,6.5,S,1000
09:31:01,6.5,S,2000
09:31:01,6.5,S,25000
09:31:01,6.51,B,500
09:31:02,6.51,B,100
09:31:02,6.51,B,20000
09:31:02,6.51,B,1000
09:31:02,6.51,B,300
09:31:02,6.51,B,2000
09:31:02,6.51,B,50000
09:31:02,6.51,B,2000
09:31:02,6.5,S,3300
09:31:02,6.51,B,2300
09:31:02,6.51,B,1000
09:31:02,6.51,B,600
09:31:02,6.51,B,50000
09:31:02,6.5,S,2100
09:31:02,6.5,S,1600
09:31:02,6.51,B,2000
09:31:02,6.5,S,1900
09:31:02,6.5,S,400
09:31:02,6.5,S,2000
09:31:02,6.5,S,700
09:31:02,6.5,S,100
09:31:02,6.51,B,500
09:31:02,6.51,B,1000
09:31:02,6.51,B,500
09:31:03,6.5,S,2000
09:31:03,6.51,B,4000
09:31:03,6.51,B,10000
09:31:03,6.51,B,10000
09:31:03,6.5,S,5200
09:31:03,6.51,B,2100
09:31:03,6.51,B,800
09:31:03,6.51,B,200
09:31:03,6.51,B,400
09:31:03,6.51,B,10000
09:31:03,6.51,B,300
09:31:03,6.5,S,1000
09:31:03,6.51,B,1000
09:31:03,6.5,S,1000
09:31:03,6.51,B,20000
09:31:03,6.51,B,200
09:31:03,6.51,B,300
09:31:03,6.51,B,500
09:31:03,6.5,S,1900
09:31:03,6.5,S,100
09:31:03,6.51,B,3000
09:31:03,6.5,S,21600
09:31:03,6.51,B,5000
09:31:04,6.51,B,2000
09:31:04,6.5,S,300
09:31:04,6.5,S,6900
09:31:04,6.51,B,200
09:31:04,6.51,B,10000
09:31:04,6.51,B,13900
09:31:04,6.51,B,1000
09:31:04,6.5,S,600
09:31:04,6.51,B,20000
09:31:04,6.51,B,20000
09:31:04,6.5,S,100
09:31:04,6.51,B,1000
09:31:04,6.51,B,1000
09:31:04,6.51,B,100
09:31:04,6.51,B,3300
09:31:04,6.51,B,300
09:31:04,6.51,B,2800
09:31:04,6.5,S,3600
09:31:04,6.5,S,100
09:31:04,6.51,B,700
09:31:04,6.5,S,3000
09:31:04,6.51,B,4000
09:31:04,6.51,B,2000
09:31:04,6.5,S,500
09:31:04,6.5,S,3600
09:31:04,6.5,S,1200
09:31:04,6.51,B,3000
09:31:04,6.5,S,19100
09:31:04,6.51,B,500
09:31:04,6.51,B,200
09:31:04,6.5,S,1500
09:31:05,6.5,S,800
09:31:05,6.51,B,1800
09:31:05,6.51,B,5000
09:31:05,6.5,S,500
09:31:05,6.5,S,1000
09:31:05,6.51,B,50000
09:31:05,6.5,S,1500
09:31:05,6.5,S,3800
09:31:05,6.5,S,500
09:31:05,6.51,B,500
09:31:05,6.51,B,400
09:31:05,6.5,S,400
09:31:05,6.51,B,3000
09:31:05,6.51,B,300
09:31:05,6.5,S,100
09:31:05,6.51,B,2000
09:31:05,6.5,S,300
09:31:05,6.5,S,200
09:31:06,6.5,S,500
09:31:06,6.5,S,2000
09:31:06,6.5,S,2000
09:31:06,6.51,B,90300
09:31:06,6.51,B,200
09:31:06,6.51,B,3000
09:31:06,6.51,B,2900
09:31:06,6.51,B,900
09:31:06,6.51,B,2700
09:31:06,6.5,S,700
09:31:06,6.5,S,1600
09:31:06,6.51,B,1200
09:31:06,6.51,B,200
09:31:06,6.51,B,1000
09:31:06,6.51,B,4200
09:31:06,6.51,B,800
09:31:06,6.51,B,2600
09:31:06,6.51,B,200
09:31:06,6.5,S,100
09:31:06,6.5,S,3000
09:31:06,6.51,B,2200
09:31:06,6.51,B,1500
09:31:06,6.51,B,2300
09:31:06,6.51,B,2800
09:31:06,6.51,B,100
09:31:06,6.5,S,2000
09:31:06,6.51,B,100
09:31:06,6.51,B,600
09:31:06,6.51,B,8100
09:31:06,6.51,S,1300
09:31:06,6.5,S,9000
09:31:06,6.51,B,300
09:31:06,6.51,S,9300
09:31:06,6.51,S,5500
09:31:06,6.51,S,2000
09:31:06,6.5,S,97100
09:31:06,6.51,S,300
09:31:06,6.51,S,100
09:31:06,6.51,S,200
09:31:06,6.51,S,200
09:31:06,6.5,S,100
09:31:06,6.51,S,200
09:31:06,6.5,S,10000
09:31:06,6.5,S,800
09:31:06,6.51,S,1000
09:31:06,6.51,S,500
09:31:07,6.51,S,500
09:31:07,6.51,S,3400
09:31:07,6.51,S,2200
09:31:07,6.51,S,2000
09:31:07,6.51,S,1000
09:31:07,6.5,S,12900
09:31:07,6.51,S,600
09:31:07,6.5,S,1600
09:31:07,6.51,S,800
09:31:07,6.5,S,1300
09:31:07,6.5,S,94800
09:31:07,6.5,S,200
09:31:07,6.5,S,500
09:31:07,6.5,S,1000
09:31:07,6.5,S,3500
09:31:07,6.51,B,500
09:31:07,6.51,S,1000
09:31:07,6.51,S,300
09:31:07,6.52,B,100
09:31:07,6.52,B,200
09:31:07,6.52,B,400
09:31:07,6.52,B,4600
09:31:07,6.52,B,100
09:31:07,6.52,B,2000
09:31:07,6.52,B,400
09:31:07,6.52,B,2000
09:31:07,6.52,B,200
09:31:07,6.52,B,8400
09:31:07,6.51,S,1200
09:31:07,6.51,S,1000
09:31:07,6.51,S,1000
09:31:07,6.51,S,1000
09:31:07,6.51,S,700
09:31:07,6.5,S,2300
09:31:07,6.5,S,100
09:31:07,6.5,S,7500
09:31:07,6.5,S,6600
09:31:07,6.5,S,200
09:31:07,6.5,S,2800
09:31:07,6.5,S,2700
09:31:07,6.51,B,3000
09:31:07,6.51,S,700
09:31:07,6.51,S,1200
09:31:07,6.5,S,500
09:31:07,6.5,S,1000
09:31:07,6.52,B,500
09:31:07,6.51,S,300
09:31:07,6.51,S,700
09:31:07,6.51,S,400
09:31:07,6.51,S,600
09:31:07,6.51,S,200
09:31:07,6.5,S,6800
09:31:07,6.5,S,5400
09:31:07,6.51,B,700
09:31:08,6.5,S,5900
09:31:08,6.5,S,100
09:31:08,6.5,S,400
09:31:08,6.5,S,300
09:31:08,6.51,B,3000
09:31:08,6.5,S,300
09:31:08,6.51,B,800
09:31:08,6.5,S,700
09:31:08,6.5,S,100
09:31:08,6.5,S,3000
09:31:08,6.5,S,200
09:31:08,6.5,S,900
09:31:08,6.5,S,2000
09:31:08,6.5,S,100
09:31:08,6.5,S,1000
09:31:08,6.5,S,4800
09:31:08,6.5,S,1000
09:31:08,6.5,S,1000
09:31:08,6.5,S,100
09:31:08,6.5,S,1000
09:31:08,6.5,S,200
09:31:08,6.5,S,100
09:31:08,6.5,S,1000
09:31:08,6.5,S,200
09:31:08,6.5,S,600
09:31:08,6.5,S,100
09:31:08,6.5,S,500
09:31:08,6.5,S,1500
09:31:08,6.5,S,100
09:31:08,6.5,S,1000
09:31:08,6.5,S,2000
09:31:08,6.5,S,2000
09:31:08,6.5,S,200
09:31:08,6.5,S,100
09:31:08,6.5,S,1400
09:31:08,6.5,S,100
09:31:08,6.5,S,2000
09:31:08,6.5,S,900
09:31:08,6.5,S,500
09:31:08,6.5,S,400
09:31:08,6.5,S,700
09:31:08,6.51,B,300
09:31:08,6.5,S,300
09:31:08,6.5,S,400
09:31:08,6.5,S,600
09:31:08,6.51,B,100
09:31:08,6.51,B,2000
09:31:08,6.51,B,100
09:31:08,6.51,B,2200
09:31:08,6.51,B,2800
09:31:08,6.5,S,9000
09:31:08,6.5,S,100
09:31:08,6.5,S,300
09:31:08,6.5,S,300
09:31:08,6.5,S,300
09:31:08,6.5,S,300
09:31:08,6.5,S,200
09:31:08,6.5,S,100
09:31:08,6.5,S,1500
09:31:08,6.5,S,200
09:31:08,6.5,S,3200
09:31:08,6.5,S,2000
09:31:08,6.5,S,2000
09:31:08,6.5,S,500
09:31:08,6.5,S,5000
09:31:08,6.5,S,2000
09:31:08,6.5,S,300
09:31:08,6.5,S,17800
09:31:08,6.51,B,1100
09:31:08,6.5,S,500
09:31:08,6.51,B,700
09:31:08,6.51,B,600
09:31:08,6.51,B,5000
09:31:08,6.51,S,400
09:31:08,6.51,S,2000
09:31:08,6.51,S,1300
09:31:08,6.51,S,2000
09:31:08,6.5,S,1400
09:31:08,6.5,S,300
09:31:08,6.51,S,1400
09:31:08,6.5,S,300
09:31:08,6.52,B,3000
09:31:08,6.52,B,1000
09:31:08,6.51,S,100
09:31:08,6.51,S,1900
09:31:08,6.5,S,4100
09:31:08,6.52,B,200
09:31:08,6.52,B,3600
09:31:08,6.5,S,300
09:31:08,6.5,S,100
09:31:08,6.5,S,100
09:31:08,6.5,S,200
09:31:09,6.5,S,300
09:31:09,6.51,S,1700
09:31:09,6.51,S,13900
09:31:09,6.51,S,200
09:31:09,6.51,S,500
09:31:09,6.51,S,3000
09:31:09,6.51,S,700
09:31:09,6.51,S,300
09:31:09,6.51,S,700
09:31:09,6.51,S,3000
09:31:09,6.51,S,1000
09:31:09,6.51,S,100
09:31:09,6.51,S,1500
09:31:09,6.51,S,5200
09:31:09,6.51,S,100
09:31:09,6.5,S,800
09:31:09,6.51,B,8000
09:31:09,6.51,B,10400
09:31:09,6.52,B,4900
09:31:09,6.52,B,3100
09:31:09,6.5,S,700
09:31:09,6.51,S,5000
09:31:09,6.5,S,1000
09:31:09,6.5,S,2700
09:31:09,6.5,S,100
09:31:09,6.5,S,200
09:31:09,6.51,S,100
09:31:10,6.51,S,100
09:31:10,6.51,S,1700
09:31:10,6.51,S,8000
09:31:10,6.5,S,100
09:31:10,6.51,B,300
09:31:10,6.5,S,900
09:31:10,6.5,S,500
09:31:10,6.5,S,900
09:31:10,6.5,S,1000
09:31:10,6.5,S,1200
09:31:10,6.5,S,100
09:31:10,6.5,S,1400
09:31:10,6.5,S,3600
09:31:10,6.51,B,1000
09:31:10,6.51,B,2000
09:31:10,6.51,B,200
09:31:10,6.51,B,1500
09:31:10,6.51,B,100
09:31:10,6.51,B,200
09:31:10,6.5,S,1400
09:31:10,6.5,S,500
09:31:10,6.51,B,1000
09:31:10,6.51,B,5000
09:31:10,6.51,B,200
09:31:10,6.5,S,400
09:31:10,6.51,B,3000
09:31:10,6.51,B,100
09:31:10,6.51,B,800
09:31:10,6.5,S,500
09:31:10,6.5,S,300
09:31:10,6.5,S,1000
09:31:10,6.5,S,200
09:31:10,6.5,S,500
09:31:10,6.5,S,1000
09:31:10,6.5,S,5200
09:31:10,6.5,S,100
09:31:10,6.5,S,1500
09:31:10,6.5,S,100
09:31:10,6.5,S,300
09:31:10,6.5,S,800
09:31:10,6.51,B,200
09:31:10,6.51,B,100
09:31:10,6.51,B,300
09:31:11,6.5,S,500
09:31:11,6.51,B,2000
09:31:11,6.5,S,700
09:31:11,6.51,B,100
09:31:11,6.5,S,1000
09:31:11,6.5,S,300
09:31:11,6.5,S,2100
09:31:11,6.5,S,900
09:31:11,6.5,S,1000
09:31:11,6.5,S,200
09:31:11,6.51,B,2000
09:31:11,6.51,B,2000
09:31:11,6.5,S,200
09:31:11,6.51,B,500
09:31:11,6.5,S,600
09:31:11,6.5,S,1000
09:31:11,6.5,S,100
09:31:11,6.5,S,8300
09:31:11,6.5,S,300
09:31:11,6.51,B,2300
09:31:11,6.51,B,400
09:31:11,6.51,S,4000
09:31:11,6.51,S,3300
09:31:11,6.5,S,1400
09:31:11,6.5,S,400
09:31:11,6.51,S,800
09:31:11,6.51,S,200
09:31:11,6.51,S,1000
09:31:11,6.51,S,100
09:31:11,6.51,S,2000
09:31:11,6.51,S,1300
09:31:11,6.51,S,3400
09:31:11,6.51,S,700
09:31:11,6.51,S,500
09:31:11,6.51,S,1000
09:31:12,6.51,S,3100
09:31:12,6.51,S,300
09:31:12,6.51,S,1600
09:31:12,6.51,S,400
09:31:12,6.51,S,500
09:31:12,6.51,S,200
09:31:12,6.51,S,300
09:31:12,6.51,S,3200
09:31:12,6.51,S,300
09:31:12,6.51,S,600
09:31:12,6.51,S,100
09:31:12,6.51,S,1300
09:31:12,6.51,S,1200
09:31:12,6.51,S,200
09:31:12,6.51,S,500
09:31:12,6.51,S,500
09:31:12,6.51,S,500
09:31:12,6.51,S,1000
09:31:12,6.51,S,1000
09:31:12,6.51,S,500
09:31:12,6.51,S,1000
09:31:12,6.51,S,1000
09:31:12,6.51,S,5000
09:31:12,6.51,S,1400
09:31:12,6.51,S,3600
09:31:12,6.51,S,1000
09:31:12,6.51,S,1000
09:31:12,6.51,S,20000
09:31:12,6.51,S,4400
09:31:12,6.51,S,1300
09:31:12,6.51,S,1100
09:31:12,6.52,B,900
09:31:12,6.52,B,7700
09:31:12,6.51,S,300
09:31:12,6.52,B,900
09:31:12,6.52,B,2100
09:31:13,6.52,B,1000
09:31:13,6.51,S,600
09:31:13,6.51,S,300
09:31:13,6.51,S,300
09:31:13,6.51,S,1000
09:31:13,6.51,S,100
09:31:13,6.51,S,5800
09:31:13,6.51,S,7900
09:31:13,6.51,S,6800
09:31:13,6.51,S,2900
09:31:13,6.51,S,2100
09:31:13,6.51,S,2500
09:31:13,6.52,B,500
09:31:13,6.51,S,13700
09:31:13,6.51,S,6400
09:31:13,6.51,S,1000
09:31:13,6.51,S,6700
09:31:13,6.51,S,200
09:31:13,6.51,S,700
09:31:13,6.51,S,3500
09:31:13,6.51,S,800
09:31:13,6.51,S,600
09:31:14,6.51,S,3000
09:31:14,6.51,S,1400
09:31:14,6.51,S,600
09:31:14,6.51,S,3000
09:31:14,6.51,S,3500
09:31:14,6.51,S,600
09:31:14,6.51,S,400
09:31:14,6.51,S,600
09:31:14,6.51,S,1700
09:31:14,6.51,S,300
09:31:14,6.51,S,200
09:31:14,6.51,S,500
09:31:14,6.51,S,300
09:31:14,6.51,S,500
09:31:14,6.51,S,3000
09:31:14,6.51,S,1000
09:31:14,6.51,S,700
09:31:14,6.51,S,1000
09:31:14,6.51,S,1000
09:31:14,6.51,S,500
09:31:14,6.51,S,1000
09:31:14,6.51,S,400
09:31:14,6.51,S,800
09:31:14,6.51,S,1500
09:31:14,6.51,S,300
09:31:14,6.51,S,2400
09:31:14,6.51,S,400
09:31:14,6.51,S,2800
09:31:14,6.51,S,1200
09:31:14,6.51,S,100
09:31:14,6.51,S,2000
09:31:14,6.51,S,1200
09:31:14,6.5,S,9600
09:31:14,6.5,S,1000
09:31:14,6.5,S,500
09:31:14,6.5,S,1000
09:31:14,6.5,S,400
09:31:14,6.51,S,500
09:31:14,6.5,S,100
09:31:14,6.5,S,1000
09:31:14,6.5,S,300
09:31:14,6.5,S,1400
09:31:14,6.51,B,200
09:31:14,6.51,B,1000
09:31:14,6.5,S,700
09:31:14,6.51,B,300
09:31:14,6.51,S,1300
09:31:14,6.51,S,300
09:31:14,6.52,B,5000
09:31:14,6.51,S,100
09:31:14,6.51,S,5000
09:31:15,6.51,S,100
09:31:15,6.51,S,1000
09:31:15,6.51,S,11900
09:31:15,6.51,S,1800
09:31:15,6.51,S,100
09:31:15,6.51,S,3100
09:31:15,6.51,S,1400
09:31:15,6.5,S,1300
09:31:15,6.5,S,1600
09:31:15,6.5,S,1000
09:31:15,6.5,S,25500
09:31:15,6.5,S,200
09:31:15,6.5,S,200
09:31:15,6.51,S,100
09:31:15,6.51,S,500
09:31:15,6.51,S,500
09:31:15,6.51,S,400
09:31:15,6.51,S,300
09:31:15,6.51,S,100
09:31:15,6.51,S,600
09:31:15,6.51,S,700
09:31:15,6.51,S,300
09:31:15,6.51,S,2000
09:31:15,6.51,S,1000
09:31:15,6.5,S,1800
09:31:15,6.5,S,1100
09:31:15,6.5,S,103900
09:31:15,6.51,S,100
09:31:15,6.5,S,500
09:31:15,6.51,S,3600
09:31:16,6.51,S,1600
09:31:16,6.51,S,8300
09:31:16,6.5,S,3500
09:31:16,6.5,S,2500
09:31:16,6.52,B,1000
09:31:16,6.5,S,1500
09:31:16,6.5,S,5000
09:31:16,6.51,B,2200
09:31:16,6.5,S,15500
09:31:16,6.51,B,500
09:31:16,6.5,S,5000
09:31:16,6.51,B,5800
09:31:16,6.5,S,2400
09:31:16,6.51,B,5000
09:31:16,6.5,S,1000
09:31:16,6.5,S,30400
09:31:16,6.5,S,20000
09:31:16,6.5,S,200000
09:31:16,6.5,S,100
09:31:16,6.5,S,5000
09:31:16,6.5,S,25000
09:31:16,6.5,S,200
09:31:16,6.5,S,5500
09:31:16,6.5,S,2000
09:31:16,6.5,S,500
09:31:16,6.5,S,1000
09:31:16,6.5,S,2500
09:31:16,6.5,S,50000
09:31:16,6.5,S,200
09:31:16,6.5,S,43400
09:31:16,6.5,S,100
09:31:16,6.51,B,10000
09:31:16,6.51,B,2000
09:31:16,6.5,S,800
09:31:16,6.5,S,5000
09:31:16,6.51,B,500
09:31:16,6.51,B,500
09:31:16,6.51,B,1000
09:31:16,6.5,S,400
09:31:16,6.5,S,3000
09:31:16,6.5,S,15000
09:31:16,6.51,B,1000
09:31:16,6.51,B,800
09:31:16,6.51,B,3000
09:31:16,6.51,B,2000
09:31:17,6.5,S,1000
09:31:17,6.51,B,1000
09:31:17,6.5,S,100
09:31:17,6.5,S,2100
09:31:17,6.5,S,500
09:31:17,6.5,S,10500
09:31:17,6.5,S,1000
09:31:17,6.51,B,2100
09:31:17,6.51,B,500
09:31:17,6.5,S,600
09:31:17,6.5,S,500
09:31:17,6.5,S,14000
09:31:17,6.51,B,1500
09:31:17,6.51,B,1000
09:31:17,6.5,S,900
09:31:17,6.51,B,20000
09:31:17,6.51,B,100
09:31:17,6.51,B,800
09:31:17,6.51,B,1300
09:31:17,6.51,B,100
09:31:17,6.5,S,800
09:31:18,6.5,S,5000
09:31:18,6.51,B,800
09:31:18,6.5,S,800
09:31:18,6.51,B,4900
09:31:18,6.5,S,800
09:31:18,6.51,B,2000
09:31:18,6.51,B,3800
09:31:18,6.5,S,72400
09:31:18,6.5,S,1300
09:31:18,6.5,S,700
09:31:18,6.5,S,3000
09:31:18,6.5,S,400
09:31:18,6.51,B,10000
09:31:18,6.51,B,3000
09:31:18,6.5,S,200
09:31:18,6.5,S,1400
09:31:18,6.5,S,200
09:31:18,6.51,B,800
09:31:18,6.5,S,200
09:31:18,6.51,B,1000
09:31:18,6.5,S,300
09:31:18,6.5,S,3200
09:31:18,6.5,S,700
09:31:18,6.5,S,5000
09:31:18,6.51,B,800
09:31:18,6.51,B,300
09:31:18,6.51,B,5000
09:31:18,6.51,B,4900
09:31:18,6.51,B,100
09:31:18,6.5,S,900
09:31:18,6.51,B,300
09:31:18,6.51,B,3800
09:31:18,6.51,B,5600
09:31:18,6.51,B,100
09:31:18,6.5,S,400
09:31:18,6.51,B,100
09:31:18,6.51,B,300
09:31:18,6.51,B,1000
09:31:18,6.5,S,9100
09:31:18,6.5,S,200
09:31:18,6.5,S,100
09:31:18,6.5,S,300
09:31:18,6.5,S,300
09:31:18,6.5,S,300
09:31:18,6.5,S,4400
09:31:18,6.5,S,200
09:31:18,6.5,S,400
09:31:18,6.51,B,100
09:31:18,6.51,B,1700
09:31:18,6.51,B,1000
09:31:18,6.51,B,200
09:31:19,6.5,S,100
09:31:19,6.51,B,600
09:31:19,6.51,B,400
09:31:19,6.51,B,9100
09:31:19,6.51,B,900
09:31:19,6.5,S,6300
09:31:19,6.5,S,100
09:31:19,6.5,S,1500
09:31:19,6.51,B,400
09:31:19,6.51,B,500
09:31:19,6.51,B,2000
09:31:19,6.51,B,3700
09:31:19,6.5,S,6300
09:31:19,6.51,B,4700
09:31:19,6.51,B,1600
09:31:19,6.5,S,4200
09:31:19,6.51,B,12400
09:31:19,6.51,B,4200
09:31:19,6.51,B,2000
09:31:19,6.51,B,5000
09:31:19,6.51,B,3400
09:31:19,6.51,B,400
09:31:19,6.51,B,500
09:31:19,6.51,B,1300
09:31:19,6.51,S,3600
09:31:19,6.51,S,1100
09:31:19,6.51,S,300
09:31:19,6.51,S,13000
09:31:19,6.51,S,800
09:31:19,6.51,S,13000
09:31:20,6.51,S,10600
09:31:20,6.51,S,900
09:31:20,6.51,S,2500
09:31:20,6.51,S,4600
09:31:20,6.51,S,10000
09:31:20,6.51,S,200
09:31:20,6.51,S,2000
09:31:20,6.51,S,2400
09:31:20,6.51,S,1000
09:31:20,6.51,S,4800
09:31:20,6.5,S,1000
09:31:20,6.51,S,5000
09:31:20,6.51,S,500
09:31:20,6.51,S,1400
09:31:20,6.51,S,600
09:31:20,6.51,S,500
09:31:20,6.51,S,800
09:31:20,6.51,S,1700
09:31:20,6.52,B,400
09:31:20,6.52,B,600
09:31:20,6.51,S,3300
09:31:20,6.51,S,6700
09:31:20,6.51,S,1000
09:31:20,6.52,B,1000
09:31:20,6.51,S,500
09:31:20,6.51,S,300
09:31:20,6.51,S,2000
09:31:20,6.51,S,2000
09:31:20,6.51,S,500
09:31:20,6.51,S,800
09:31:20,6.52,B,3000
09:31:20,6.51,S,1000
09:31:20,6.51,S,6500
09:31:20,6.51,S,500
09:31:20,6.51,S,1500
09:31:20,6.51,S,600
09:31:21,6.51,S,400
09:31:21,6.51,S,2900
09:31:21,6.51,S,2000
09:31:21,6.51,S,1000
09:31:21,6.51,S,400
09:31:21,6.51,S,5000
09:31:21,6.51,S,100
09:31:21,6.51,S,100
09:31:21,6.52,B,200
09:31:21,6.51,S,3500
09:31:21,6.51,S,200
09:31:21,6.51,S,700
09:31:21,6.51,S,300
09:31:21,6.51,S,9600
09:31:21,6.52,B,10000
09:31:21,6.52,B,1100
09:31:21,6.52,B,100
09:31:21,6.52,B,400
09:31:21,6.51,S,700
09:31:21,6.51,S,1800
09:31:22,6.51,S,700
09:31:22,6.51,S,10000
09:31:22,6.51,S,100
09:31:22,6.51,S,4500
09:31:22,6.51,S,3000
09:31:22,6.51,S,900
09:31:22,6.51,S,500
09:31:22,6.51,S,1000
09:31:22,6.51,S,1000
09:31:22,6.51,S,2200
09:31:22,6.51,S,2000
09:31:22,6.51,S,300
09:31:22,6.51,S,1600
09:31:22,6.51,S,1500
09:31:22,6.52,B,500
09:31:22,6.51,S,10000
09:31:22,6.51,S,3300
09:31:22,6.51,S,700
09:31:22,6.51,S,4300
09:31:22,6.51,S,300
09:31:22,6.51,S,5400
09:31:22,6.51,S,2000
09:31:22,6.51,S,200
09:31:22,6.51,S,500
09:31:22,6.51,S,3000
09:31:22,6.51,S,100
09:31:22,6.51,S,5000
09:31:23,6.51,S,7900
09:31:23,6.51,S,700
09:31:23,6.51,S,500
09:31:23,6.51,S,24700
09:31:23,6.51,S,500
09:31:23,6.51,S,600
09:31:23,6.51,S,800
09:31:23,6.51,S,2000
09:31:23,6.51,S,1000
09:31:23,6.51,S,300
09:31:23,6.51,S,2900
09:31:23,6.51,S,6000
09:31:23,6.51,S,2000
09:31:23,6.51,S,1600
09:31:23,6.51,S,200
09:31:23,6.51,S,1900
09:31:23,6.51,S,500
09:31:23,6.51,S,800
09:31:23,6.51,S,200
09:31:23,6.51,S,2000
09:31:23,6.51,S,1000
09:31:23,6.51,S,400
09:31:23,6.51,S,2000
09:31:24,6.51,S,1400
09:31:24,6.51,S,200
09:31:24,6.51,S,700
09:31:24,6.52,B,400
09:31:24,6.52,B,400
09:31:24,6.52,B,1400
09:31:24,6.52,B,600
09:31:24,6.52,B,7200
09:31:24,6.51,S,1300
09:31:24,6.51,S,500
09:31:24,6.51,S,2000
09:31:24,6.51,S,100
09:31:24,6.51,S,400
09:31:24,6.51,S,200
09:31:24,6.51,S,1300
09:31:24,6.51,S,800
09:31:24,6.51,S,200
09:31:24,6.51,S,6800
09:31:24,6.51,S,3200
09:31:24,6.51,S,300
09:31:24,6.51,S,1100
09:31:24,6.51,S,1000
09:31:24,6.52,B,400
09:31:24,6.51,S,200
09:31:24,6.51,S,500
09:31:24,6.51,S,1000
09:31:24,6.51,S,5000
09:31:24,6.51,S,13500
09:31:24,6.51,S,700
09:31:24,6.52,B,1000
09:31:24,6.51,S,800
09:31:24,6.51,S,100
09:31:24,6.51,S,100
09:31:24,6.51,S,3400
09:31:24,6.51,S,34900
09:31:24,6.51,S,10500
09:31:24,6.51,S,600
09:31:24,6.51,S,400
09:31:24,6.51,S,10000
09:31:24,6.51,S,300
09:31:24,6.51,S,3000
09:31:24,6.51,S,3600
09:31:24,6.52,B,26400
09:31:24,6.52,B,22200
09:31:24,6.52,B,11400
09:31:24,6.51,S,18200
09:31:24,6.51,S,2900
09:31:24,6.51,S,818700
09:31:24,6.51,S,200
09:31:24,6.51,S,5000
09:31:24,6.51,S,3000
09:31:24,6.51,S,700
09:31:25,6.51,S,15600
09:31:25,6.51,S,6000
09:31:25,6.51,S,6900
09:31:25,6.51,S,100
09:31:25,6.51,S,900
09:31:25,6.51,S,30000
09:31:25,6.51,S,500
09:31:25,6.52,B,2300
09:31:25,6.51,S,300
09:31:25,6.51,S,200
09:31:25,6.51,S,1000
09:31:25,6.51,S,3600
09:31:25,6.51,S,500
09:31:25,6.51,S,3800
09:31:25,6.51,S,3000
09:31:25,6.51,S,1000
09:31:25,6.51,S,1000
09:31:25,6.51,S,200
09:31:25,6.51,S,1000
09:31:25,6.51,S,1000
09:31:25,6.51,S,1000
09:31:26,6.52,B,2000
09:31:26,6.51,S,200
09:31:26,6.51,S,600
09:31:26,6.51,S,1000
09:31:26,6.51,S,1000
09:31:26,6.51,S,200
09:31:26,6.51,S,10000
09:31:26,6.51,S,3100
09:31:26,6.51,S,400
09:31:26,6.51,S,4300
09:31:26,6.51,S,700
09:31:26,6.51,S,200
09:31:26,6.51,S,500
09:31:26,6.51,S,500
09:31:26,6.51,S,2500
09:31:26,6.51,S,800
09:31:26,6.51,S,700
09:31:26,6.51,S,100
09:31:26,6.51,S,200
09:31:26,6.51,S,1200
09:31:26,6.51,S,600
09:31:26,6.51,S,200
09:31:26,6.51,S,1900
09:31:26,6.51,S,600
09:31:26,6.51,S,400
09:31:26,6.51,S,600
09:31:26,6.52,B,1300
09:31:27,6.51,S,600
09:31:27,6.51,S,600
09:31:27,6.51,S,400
09:31:27,6.51,S,1000
09:31:27,6.51,S,1600
09:31:27,6.51,S,100
09:31:27,6.51,S,200
09:31:27,6.51,S,1300
09:31:27,6.51,S,8700
09:31:27,6.51,S,1300
09:31:27,6.51,S,700
09:31:27,6.51,S,1000
09:31:27,6.51,S,500
09:31:27,6.51,S,1000
09:31:27,6.51,S,10000
09:31:27,6.51,S,1000
09:31:27,6.51,S,2000
09:31:27,6.51,S,7300
09:31:27,6.51,S,1000
09:31:27,6.51,S,500
09:31:27,6.51,S,5000
09:31:27,6.51,S,1000
09:31:27,6.51,S,400
09:31:27,6.51,S,500
09:31:27,6.51,S,2000
09:31:27,6.51,S,400
09:31:27,6.51,S,800
09:31:27,6.52,B,100
09:31:27,6.51,S,800
09:31:27,6.51,S,600
09:31:27,6.51,S,400
09:31:27,6.51,S,1400
09:31:27,6.52,B,1000
09:31:27,6.51,S,1000
09:31:27,6.51,S,200
09:31:27,6.52,B,4900
09:31:27,6.52,B,100
09:31:27,6.51,S,100
09:31:27,6.51,S,500
09:31:27,6.51,S,900
09:31:27,6.51,S,3000
09:31:27,6.51,S,100
09:31:27,6.51,S,7600
09:31:27,6.51,S,100
09:31:27,6.51,S,71000
09:31:27,6.51,S,100
09:31:27,6.51,S,4000
09:31:28,6.51,S,19500
09:31:28,6.51,S,100
09:31:28,6.51,S,9000
09:31:28,6.51,S,2300
09:31:28,6.51,S,2500
09:31:28,6.51,S,1800
09:31:28,6.51,S,100
09:31:28,6.51,S,15200
09:31:28,6.51,S,1500
09:31:28,6.52,B,400
09:31:28,6.52,B,600
09:31:28,6.51,S,300
09:31:28,6.51,S,1900
09:31:28,6.51,S,1000
09:31:28,6.51,S,200
09:31:28,6.52,B,100
09:31:28,6.51,S,500
09:31:28,6.51,S,1100
09:31:28,6.51,S,8000
09:31:28,6.51,S,1000
09:31:28,6.51,S,3100
09:31:28,6.51,S,500
09:31:28,6.51,S,500
09:31:28,6.52,B,4900
09:31:28,6.52,B,300
09:31:28,6.52,B,1600
09:31:28,6.52,B,1000
09:31:28,6.52,B,900
09:31:28,6.52,B,2800
09:31:28,6.52,B,400
09:31:28,6.52,B,100
09:31:28,6.52,B,4000
09:31:28,6.52,B,500
09:31:28,6.52,B,3500
09:31:28,6.51,S,2000
09:31:28,6.51,S,3000
09:31:28,6.52,B,2000
09:31:28,6.51,S,6100
09:31:28,6.51,S,100
09:31:29,6.51,S,16400
09:31:29,6.51,S,300
09:31:29,6.51,S,200
09:31:29,6.51,S,7700
09:31:29,6.52,B,4000
09:31:29,6.51,S,200
09:31:29,6.51,S,1000
09:31:29,6.51,S,2000
09:31:29,6.51,S,300
09:31:29,6.51,S,12000
09:31:29,6.51,S,700
09:31:29,6.52,B,5200
09:31:29,6.52,B,3000
09:31:29,6.52,B,1700
09:31:29,6.52,B,1500
09:31:29,6.52,B,400
09:31:29,6.52,B,20000
09:31:29,6.52,B,300
09:31:29,6.52,B,500
09:31:29,6.52,B,300
09:31:29,6.52,B,100
09:31:29,6.52,B,1700
09:31:29,6.52,B,800
09:31:29,6.52,B,6000
09:31:29,6.52,B,700
09:31:29,6.52,B,100
09:31:29,6.52,B,500
09:31:29,6.52,B,400
09:31:29,6.52,B,400
09:31:29,6.52,B,300
09:31:29,6.52,B,100
09:31:29,6.52,B,10000
09:31:29,6.52,B,200
09:31:29,6.52,B,1300
09:31:29,6.52,B,1000
09:31:29,6.52,B,1600
09:31:29,6.52,B,400
09:31:29,6.52,B,8500
09:31:29,6.52,B,1000
09:31:29,6.52,B,600
09:31:29,6.52,B,800
09:31:29,6.52,B,2200
09:31:29,6.52,B,400
09:31:29,6.52,S,2000
09:31:29,6.52,S,100
09:31:29,6.52,S,1000
09:31:29,6.52,S,1000
09:31:29,6.52,S,1700
09:31:29,6.52,S,1200
09:31:29,6.52,S,39000
09:31:29,6.52,S,1600
09:31:30,6.52,S,500
09:31:30,6.52,S,1600
09:31:30,6.52,S,3000
09:31:30,6.52,S,300
09:31:30,6.52,S,11800
09:31:30,6.52,S,4100
09:31:30,6.52,S,6300
09:31:30,6.52,S,500
09:31:30,6.52,S,1600
09:31:30,6.52,S,3000
09:31:30,6.52,S,200
09:31:30,6.52,S,900
09:31:30,6.52,S,1100
09:31:30,6.52,S,2600
09:31:30,6.52,S,1300
09:31:30,6.52,S,46100
09:31:30,6.52,S,100
09:31:30,6.51,S,27900
09:31:30,6.51,S,4000
09:31:30,6.51,S,2000
09:31:30,6.51,S,2000
09:31:30,6.51,S,3000
09:31:30,6.51,S,14800
09:31:30,6.51,S,1200
09:31:30,6.51,S,200
09:31:30,6.51,S,900
09:31:31,6.51,S,2900
09:31:31,6.51,S,1000
09:31:31,6.51,S,2000
09:31:31,6.51,S,2000
09:31:31,6.51,S,1300
09:31:31,6.51,S,17000
09:31:31,6.51,S,400
09:31:31,6.51,S,1000
09:31:31,6.51,S,1000
09:31:31,6.51,S,30000
09:31:31,6.51,S,200
09:31:31,6.51,S,200
09:31:31,6.51,S,600
09:31:31,6.51,S,1000
09:31:31,6.51,S,300
09:31:31,6.51,S,800
09:31:31,6.51,S,2000
09:31:31,6.51,S,3000
09:31:31,6.51,S,500
09:31:31,6.51,S,10000
09:31:31,6.51,S,7700
09:31:31,6.51,S,1000
09:31:31,6.51,S,500
09:31:31,6.51,S,1000
09:31:31,6.51,S,2000
09:31:31,6.51,S,1000
09:31:31,6.51,S,400
09:31:31,6.51,S,1300
09:31:31,6.51,S,1500
09:31:31,6.51,S,1000
09:31:31,6.51,S,3000
09:31:31,6.51,S,26900
09:31:31,6.51,S,3100
09:31:31,6.51,S,200
09:31:31,6.51,S,2000
09:31:31,6.51,S,2000
09:31:31,6.51,S,2000
09:31:31,6.51,S,8100
09:31:31,6.51,S,1500
09:31:31,6.51,S,400
09:31:31,6.51,S,1000
09:31:31,6.51,S,2000
09:31:31,6.51,S,5900
09:31:31,6.51,S,5600
09:31:31,6.51,S,10800
09:31:31,6.51,S,3600
09:31:31,6.51,S,1700
09:31:31,6.51,S,3800
09:31:31,6.51,S,4500
09:31:31,6.52,B,200
09:31:31,6.53,B,1000
09:31:31,6.53,B,1200
09:31:31,6.53,B,500
09:31:31,6.53,B,2000
09:31:31,6.53,B,100
09:31:31,6.51,S,4600
09:31:31,6.51,S,1500
09:31:31,6.51,S,2000
09:31:31,6.51,S,2000
09:31:31,6.51,S,4900
09:31:31,6.53,B,800
09:31:31,6.53,B,200
09:31:31,6.51,S,500
09:31:31,6.53,B,100
09:31:31,6.53,B,200
09:31:31,6.53,B,1700
09:31:31,6.52,S,100
09:31:31,6.52,S,1000
09:31:31,6.51,S,100
09:31:31,6.51,S,5000
09:31:31,6.51,S,700
09:31:31,6.51,S,500
09:31:31,6.51,S,100
09:31:31,6.51,S,6900
09:31:31,6.51,S,13000
09:31:31,6.51,S,4200
09:31:31,6.51,S,600
09:31:31,6.51,S,1400
09:31:31,6.51,S,3000
09:31:31,6.51,S,1000
09:31:31,6.51,S,5000
09:31:31,6.51,S,2000
09:31:31,6.51,S,7900
09:31:31,6.51,S,2400
09:31:31,6.51,S,2000
09:31:31,6.51,S,2500
09:31:31,6.51,S,200
09:31:31,6.52,S,1000
09:31:31,6.51,S,3900
09:31:31,6.51,S,500
09:31:31,6.51,S,2000
09:31:31,6.51,S,1800
09:31:31,6.51,S,700
09:31:31,6.51,S,800
09:31:31,6.51,S,8500
09:31:31,6.51,S,100
09:31:31,6.51,S,300
09:31:31,6.51,S,700
09:31:31,6.51,S,100
09:31:31,6.53,B,6900
09:31:31,6.53,B,300
09:31:31,6.53,B,12800
09:31:31,6.51,S,300
09:31:31,6.51,S,200
09:31:31,6.51,S,3000
09:31:31,6.51,S,500
09:31:31,6.51,S,100
09:31:31,6.51,S,700
09:31:31,6.51,S,300
09:31:32,6.51,S,4000
09:31:32,6.51,S,700
09:31:32,6.51,S,100
09:31:32,6.51,S,600
09:31:32,6.51,S,5400
09:31:32,6.51,S,8900
09:31:32,6.51,S,3000
09:31:32,6.51,S,18100
09:31:32,6.51,S,100
09:31:32,6.52,B,300
09:31:32,6.52,S,600
09:31:32,6.52,S,1000
09:31:32,6.52,S,400
09:31:32,6.52,S,600
09:31:32,6.52,S,4100
09:31:32,6.52,S,500
09:31:32,6.52,S,1400
09:31:32,6.52,S,500
09:31:32,6.51,S,1800
09:31:32,6.51,S,1000
09:31:32,6.51,S,1000
09:31:32,6.51,S,10000
09:31:32,6.51,S,1000
09:31:32,6.51,S,1000
09:31:32,6.51,S,500
09:31:32,6.51,S,5000
09:31:32,6.51,S,10000
09:31:32,6.51,S,500
09:31:32,6.51,S,2000
09:31:32,6.51,S,1000
09:31:32,6.51,S,500
09:31:32,6.51,S,20000
09:31:32,6.5,S,100
09:31:32,6.5,S,300
09:31:32,6.51,B,2400
09:31:32,6.52,B,1900
09:31:32,6.52,B,1000
09:31:32,6.51,S,200
09:31:32,6.52,B,100
09:31:32,6.52,S,1000
09:31:32,6.52,S,500
09:31:33,6.52,S,500
09:31:33,6.52,S,2800
09:31:33,6.52,S,400
09:31:33,6.52,S,1900
09:31:33,6.52,S,1000
09:31:33,6.53,B,9000
09:31:33,6.52,S,1000
09:31:33,6.52,S,11900
09:31:33,6.51,S,500
09:31:33,6.51,S,6000
09:31:33,6.51,S,100
09:31:33,6.51,S,800
09:31:33,6.51,S,900
09:31:33,6.52,S,3000
09:31:33,6.52,S,1300
09:31:33,6.51,S,100
09:31:33,6.51,S,1000
09:31:33,6.51,S,10000
09:31:33,6.51,S,1000
09:31:33,6.51,S,200
09:31:33,6.51,S,900
09:31:33,6.51,S,600
09:31:34,6.51,S,35000
09:31:34,6.51,S,300
09:31:34,6.51,S,400
09:31:34,6.51,S,500
09:31:34,6.51,S,100
09:31:34,6.51,S,1000
09:31:34,6.51,S,3000
09:31:34,6.51,S,900
09:31:34,6.51,S,300
09:31:34,6.51,S,700
09:31:34,6.51,S,1000
09:31:34,6.51,S,4000
09:31:34,6.51,S,1000
09:31:34,6.51,S,500
09:31:34,6.51,S,500
09:31:34,6.51,S,7600
09:31:34,6.51,S,400
09:31:34,6.52,B,200
09:31:34,6.51,S,100
09:31:34,6.52,B,100
09:31:34,6.51,S,1900
09:31:34,6.51,S,4400
09:31:34,6.51,S,700
09:31:34,6.51,S,300
09:31:34,6.51,S,1700
09:31:34,6.51,S,1200
09:31:34,6.51,S,300
09:31:34,6.51,S,700
09:31:34,6.51,S,300
09:31:34,6.51,S,100
09:31:34,6.51,S,2600
09:31:34,6.51,S,400
09:31:34,6.51,S,600
09:31:34,6.51,S,3200
09:31:35,6.51,S,3100
09:31:35,6.51,S,1600
09:31:35,6.51,S,1400
09:31:35,6.51,S,2900
09:31:35,6.52,B,700
09:31:35,6.52,B,1000
09:31:35,6.52,B,1300
09:31:35,6.52,B,1100
09:31:35,6.52,B,200
09:31:35,6.52,B,3600
09:31:35,6.52,B,4200
09:31:35,6.53,B,42800
09:31:35,6.51,S,9400
09:31:35,6.51,S,900
09:31:35,6.52,S,1000
09:31:35,6.51,S,3000
09:31:35,6.51,S,2000
09:31:35,6.52,S,5000
09:31:35,6.51,S,5000
09:31:35,6.51,S,7400
09:31:35,6.51,S,5600
09:31:35,6.51,S,7700
09:31:35,6.51,S,1500
09:31:36,6.51,S,100
09:31:36,6.51,S,4700
09:31:36,6.51,S,2000
09:31:36,6.51,S,300
09:31:36,6.51,S,4600
09:31:36,6.51,S,600
09:31:36,6.51,S,300
09:31:36,6.51,S,500
09:31:36,6.53,B,1100
09:31:36,6.51,S,200
09:31:36,6.51,S,300
09:31:36,6.51,S,1200
09:31:36,6.51,S,800
09:31:36,6.52,S,300
09:31:36,6.52,S,1700
09:31:36,6.52,S,100
09:31:36,6.51,S,800
09:31:36,6.51,S,200
09:31:36,6.51,S,2000
09:31:36,6.51,S,200
09:31:36,6.51,S,2900
09:31:36,6.52,S,200
09:31:36,6.51,S,800
09:31:36,6.51,S,100
09:31:36,6.51,S,300
09:31:37,6.52,S,300
09:31:37,6.52,S,1700
09:31:37,6.52,S,500
09:31:37,6.51,S,5000
09:31:37,6.51,S,500
09:31:37,6.51,S,800
09:31:37,6.51,S,100
09:31:37,6.51,S,200
09:31:37,6.52,B,300
09:31:37,6.52,B,500
09:31:37,6.52,S,600
09:31:37,6.52,S,1000
09:31:37,6.52,S,400
09:31:37,6.52,S,300
09:31:37,6.51,S,1500
09:31:37,6.51,S,6200
09:31:37,6.52,S,1500
09:31:37,6.52,S,100
09:31:37,6.52,S,2800
09:31:37,6.51,S,1400
09:31:37,6.51,S,500
09:31:37,6.51,S,5300
09:31:37,6.51,S,300
09:31:37,6.51,S,1100
09:31:37,6.51,S,100
09:31:38,6.51,S,3000
09:31:38,6.52,B,400
09:31:38,6.52,S,3400
09:31:38,6.52,S,600
09:31:38,6.52,S,300
09:31:38,6.52,S,100
09:31:38,6.52,S,200
09:31:38,6.52,S,1000
09:31:38,6.51,S,2700
09:31:38,6.52,S,2000
09:31:38,6.52,S,100
09:31:38,6.52,S,500
09:31:38,6.52,S,1600
09:31:38,6.51,S,2700
09:31:38,6.51,S,400
09:31:38,6.51,S,1000
09:31:38,6.53,B,5000
09:31:38,6.51,S,10400
09:31:38,6.51,S,3000
09:31:38,6.51,S,1000
09:31:39,6.52,S,500
09:31:39,6.52,S,500
09:31:39,6.52,S,2000
09:31:39,6.51,S,10000
09:31:39,6.51,S,300
09:31:39,6.51,S,500
09:31:39,6.51,S,1700
09:31:39,6.51,S,1300
09:31:39,6.51,S,300
09:31:39,6.52,S,100
09:31:39,6.51,S,400
09:31:39,6.53,B,15000
09:31:39,6.52,S,1000
09:31:39,6.52,S,200
09:31:39,6.52,S,3800
09:31:39,6.51,S,300
09:31:39,6.51,S,300
09:31:39,6.51,S,1000
09:31:39,6.51,S,400
09:31:39,6.51,S,2000
09:31:39,6.51,S,300
09:31:39,6.51,S,10000
09:31:39,6.51,S,400
09:31:39,6.51,S,500
09:31:39,6.51,S,2000
09:31:39,6.51,S,3200
09:31:39,6.51,S,100
09:31:39,6.51,S,600
09:31:39,6.51,S,5100
09:31:39,6.51,S,2200
09:31:39,6.51,S,100
09:31:39,6.51,S,2600
09:31:39,6.51,S,400
09:31:39,6.52,S,1700
09:31:39,6.52,S,1300
09:31:39,6.52,S,3700
09:31:39,6.51,S,1300
09:31:39,6.51,S,600
09:31:39,6.51,S,500
09:31:39,6.52,B,1100
09:31:39,6.52,S,900
09:31:39,6.51,S,1200
09:31:39,6.51,S,3200
09:31:39,6.51,S,1000
09:31:40,6.51,S,100
09:31:40,6.51,S,700
09:31:40,6.51,S,1000
09:31:40,6.51,S,40000
09:31:40,6.51,S,100
09:31:40,6.51,S,3000
09:31:40,6.51,S,200
09:31:40,6.52,S,600
09:31:40,6.52,S,400
09:31:40,6.51,S,100
09:31:40,6.52,B,400
09:31:40,6.52,B,1600
09:31:40,6.51,S,2800
09:31:40,6.51,S,200
09:31:40,6.51,S,1100
09:31:40,6.51,S,200
09:31:40,6.51,S,1000
09:31:40,6.51,S,3100
09:31:40,6.51,S,200
09:31:40,6.51,S,600
09:31:40,6.51,S,800
09:31:40,6.51,S,200
09:31:40,6.51,S,600
09:31:40,6.51,S,200
09:31:40,6.51,S,200
09:31:40,6.52,B,1000
09:31:40,6.52,S,800
09:31:40,6.51,S,200
09:31:40,6.52,S,2000
09:31:40,6.52,S,3000
09:31:40,6.52,S,3000
09:31:40,6.51,S,1600
09:31:40,6.51,S,500
09:31:40,6.51,S,1900
09:31:40,6.51,S,100
09:31:40,6.51,S,7900
09:31:40,6.51,S,1500
09:31:41,6.52,S,7800
09:31:41,6.52,S,800
09:31:41,6.52,S,500
09:31:41,6.51,S,600
09:31:41,6.51,S,300
09:31:41,6.51,S,500
09:31:41,6.51,S,200
09:31:41,6.51,S,200
09:31:41,6.51,S,800
09:31:41,6.51,S,5000
09:31:41,6.51,S,600
09:31:41,6.51,S,2000
09:31:41,6.51,S,2000
09:31:41,6.51,S,1000
09:31:41,6.51,S,500
09:31:41,6.51,S,5000
09:31:41,6.51,S,300
09:31:41,6.51,S,2000
09:31:41,6.51,S,300
09:31:41,6.51,S,100
09:31:41,6.51,S,400
09:31:41,6.52,S,500
09:31:41,6.52,S,4500
09:31:41,6.52,S,5500
09:31:41,6.51,S,1600
09:31:41,6.51,S,18400
09:31:41,6.51,S,1000
09:31:41,6.51,S,5000
09:31:41,6.51,S,500
09:31:41,6.51,S,1300
09:31:41,6.51,S,5000
09:31:41,6.51,S,200
09:31:41,6.51,S,20000
09:31:41,6.51,S,3000
09:31:41,6.51,S,5000
09:31:41,6.51,S,2000
09:31:41,6.51,S,1000
09:31:41,6.51,S,400
09:31:41,6.51,S,2000
09:31:41,6.52,S,2000
09:31:41,6.51,S,2000
09:31:41,6.53,B,1200
09:31:41,6.51,S,5600
09:31:41,6.51,S,500
09:31:41,6.51,S,500
09:31:41,6.51,S,2000
09:31:41,6.51,S,3000
09:31:41,6.51,S,5000
09:31:41,6.51,S,2000
09:31:41,6.51,S,500
09:31:41,6.51,S,1000
09:31:41,6.51,S,10000
09:31:41,6.51,S,1500
09:31:41,6.51,S,1400
09:31:41,6.51,S,1100
09:31:41,6.52,S,10000
09:31:41,6.52,S,2000
09:31:41,6.51,S,3500
09:31:41,6.51,S,400
09:31:41,6.51,S,500
09:31:41,6.51,S,3000
09:31:41,6.51,S,300
09:31:41,6.51,S,3500
09:31:41,6.51,S,7000
09:31:41,6.51,S,300
09:31:41,6.51,S,10000
09:31:41,6.51,S,400
09:31:41,6.5,S,9100
09:31:41,6.5,S,600
09:31:41,6.5,S,1500
09:31:41,6.51,S,300
09:31:41,6.51,S,500
09:31:41,6.51,S,200
09:31:41,6.5,S,100
09:31:41,6.5,S,200
09:31:41,6.51,B,800
09:31:42,6.52,S,2000
09:31:42,6.52,S,1000
09:31:42,6.52,S,1500
09:31:42,6.51,S,200
09:31:42,6.51,S,2000
09:31:42,6.51,S,5000
09:31:42,6.51,S,1600
09:31:42,6.51,S,200
09:31:42,6.51,S,500
09:31:42,6.51,S,1000
09:31:42,6.51,S,500
09:31:42,6.5,S,1000
09:31:42,6.5,S,900
09:31:42,6.52,B,1000
09:31:42,6.51,S,1000
09:31:42,6.51,B,5000
09:31:42,6.51,S,600
09:31:42,6.53,B,9400
09:31:42,6.51,S,400
09:31:42,6.51,S,1100
09:31:42,6.53,B,1000
09:31:42,6.51,S,100
09:31:42,6.52,S,500
09:31:42,6.52,S,300
09:31:42,6.51,S,400
09:31:42,6.51,S,1200
09:31:43,6.52,S,300
09:31:43,6.52,S,200
09:31:43,6.51,S,36400
09:31:43,6.51,S,2000
09:31:43,6.53,B,1000
09:31:43,6.51,S,200
09:31:43,6.53,B,500
09:31:43,6.51,S,100
09:31:43,6.51,S,6000
09:31:43,6.51,S,3300
09:31:43,6.52,S,1000
09:31:43,6.51,S,300
09:31:43,6.52,S,500
09:31:43,6.52,S,100
09:31:43,6.52,S,300
09:31:43,6.53,B,1200
09:31:43,6.53,B,800
09:31:43,6.53,B,1700
09:31:43,6.53,B,300
09:31:44,6.52,S,2000
09:31:44,6.52,S,2100
09:31:44,6.52,S,100
09:31:44,6.52,S,1500
09:31:44,6.52,S,1000
09:31:44,6.52,S,600
09:31:44,6.52,S,2000
09:31:44,6.52,S,500
09:31:44,6.52,S,500
09:31:44,6.52,S,1000
09:31:44,6.52,S,800
09:31:44,6.52,S,1000
09:31:44,6.51,S,100000
09:31:44,6.52,B,100
09:31:44,6.51,S,300
09:31:44,6.51,S,2000
09:31:44,6.52,B,3800
09:31:44,6.52,B,1200
09:31:44,6.52,S,5100
09:31:44,6.52,S,200
09:31:44,6.52,S,3000
09:31:44,6.52,S,200
09:31:44,6.52,S,13500
09:31:44,6.51,S,35500
09:31:44,6.52,B,200
09:31:44,6.52,B,1500
09:31:44,6.52,B,1000
09:31:45,6.51,S,11100
09:31:45,6.51,S,12200
09:31:45,6.51,S,10000
09:31:45,6.51,S,3300
09:31:45,6.51,S,800
09:31:45,6.51,S,2000
09:31:45,6.51,S,800
09:31:45,6.51,S,1000
09:31:45,6.51,S,2000
09:31:45,6.51,S,5000
09:31:45,6.51,S,200
09:31:45,6.51,S,5000
09:31:45,6.51,S,100
09:31:45,6.51,S,1000
09:31:45,6.51,S,5000
09:31:45,6.51,S,5000
09:31:45,6.51,S,800
09:31:45,6.51,S,1800
09:31:45,6.51,S,5000
09:31:45,6.51,S,100
09:31:45,6.51,S,10000
09:31:45,6.51,S,2000
09:31:45,6.51,S,500
09:31:45,6.51,S,2000
09:31:45,6.51,S,1000
09:31:45,6.51,S,500
09:31:45,6.51,S,2000
09:31:45,6.51,S,2000
09:31:45,6.51,S,900
09:31:45,6.51,S,3000
09:31:45,6.51,S,1000
09:31:45,6.51,S,3000
09:31:45,6.51,S,2000
09:31:45,6.51,S,600
09:31:45,6.51,S,10000
09:31:45,6.5,S,4100
09:31:45,6.5,S,100
09:31:45,6.5,S,500
09:31:45,6.5,S,5000
09:31:45,6.5,S,1000
09:31:45,6.5,S,8500
09:31:45,6.51,S,1000
09:31:45,6.51,S,500
09:31:45,6.52,B,1300
09:31:45,6.52,B,100
09:31:45,6.52,B,400
09:31:45,6.51,S,2500
09:31:45,6.51,S,3300
09:31:45,6.51,S,1700
09:31:45,6.51,S,100
09:31:45,6.51,S,1000
09:31:45,6.5,S,2000
09:31:45,6.5,S,1000
09:31:45,6.5,S,200
09:31:45,6.5,S,1500
09:31:45,6.5,S,1500
09:31:45,6.5,S,5000
09:31:45,6.5,S,500
09:31:45,6.5,S,1000
09:31:45,6.5,S,2000
09:31:45,6.5,S,7400
09:31:45,6.52,B,100
09:31:45,6.52,B,100
09:31:45,6.52,S,200
09:31:45,6.52,S,1200
09:31:45,6.53,B,1100
09:31:45,6.53,B,400
09:31:45,6.52,S,1200
09:31:45,6.5,S,400
09:31:45,6.51,B,800
09:31:45,6.51,B,2200
09:31:45,6.51,B,400
09:31:45,6.51,B,500
09:31:45,6.5,S,100
09:31:45,6.51,B,6900
09:31:45,6.51,B,1900
09:31:45,6.51,B,300
09:31:45,6.52,B,1400
09:31:45,6.52,S,100
09:31:45,6.52,S,200
09:31:46,6.53,B,19600
09:31:46,6.53,B,1500
09:31:46,6.53,B,1300
09:31:46,6.53,B,2000
09:31:46,6.53,B,100
09:31:46,6.53,B,100
09:31:46,6.53,B,400
09:31:46,6.53,B,1800
09:31:46,6.53,B,500
09:31:46,6.53,B,5600
09:31:46,6.53,B,500
09:31:46,6.53,B,900
09:31:46,6.53,B,600
09:31:46,6.53,B,500
09:31:46,6.53,B,1000
09:31:46,6.53,B,1000
09:31:46,6.53,B,7000
09:31:46,6.53,B,300
09:31:46,6.53,B,200
09:31:46,6.53,B,5000
09:31:46,6.54,B,12600
09:31:46,6.54,B,2000
09:31:46,6.54,B,100
09:31:46,6.54,B,2679
09:31:46,6.54,B,100
09:31:46,6.54,B,1500
09:31:46,6.54,B,7300
09:31:46,6.54,B,100
09:31:46,6.54,B,200
09:31:46,6.54,B,300
09:31:46,6.54,B,100
09:31:46,6.54,B,42900
09:31:46,6.54,B,4000
09:31:46,6.54,B,6000
09:31:46,6.55,B,800
09:31:46,6.55,B,700
09:31:46,6.55,B,8000
09:31:46,6.55,B,500
09:31:46,6.55,B,8000
09:31:46,6.55,B,5000
09:31:46,6.55,B,200
09:31:46,6.55,B,3000
09:31:46,6.55,B,300
09:31:46,6.55,B,2000
09:31:46,6.55,B,12000
09:31:46,6.55,B,800
09:31:46,6.55,B,1200
09:31:46,6.55,B,2000
09:31:46,6.55,B,8600
09:31:46,6.55,B,6000
09:31:46,6.55,B,1000
09:31:46,6.55,B,11000
09:31:46,6.55,B,400
09:31:46,6.55,B,1000
09:31:46,6.55,B,200
09:31:46,6.55,B,1000
09:31:46,6.55,B,6521
09:31:46,6.52,S,500
09:31:46,6.52,S,1200
09:31:46,6.52,S,400
09:31:46,6.53,S,500
09:31:46,6.53,S,300
09:31:46,6.53,S,2000
09:31:46,6.53,S,600
09:31:46,6.55,B,2479
09:31:46,6.55,B,2100
09:31:46,6.55,B,5421
09:31:46,6.53,S,100
09:31:46,6.53,S,700
09:31:46,6.53,S,500
09:31:46,6.52,S,5600
09:31:46,6.52,S,1500
09:31:46,6.52,S,7400
09:31:47,6.52,S,3700
09:31:47,6.52,S,4200
09:31:47,6.52,S,200
09:31:47,6.52,S,900
09:31:47,6.52,S,200
09:31:47,6.53,S,300
09:31:47,6.53,S,2800
09:31:47,6.53,S,4000
09:31:47,6.53,S,500
09:31:47,6.52,S,1800
09:31:47,6.52,S,3000
09:31:47,6.52,S,600
09:31:47,6.52,S,500
09:31:47,6.52,S,1200
09:31:47,6.52,S,10000
09:31:47,6.52,S,500
09:31:47,6.51,S,1000
09:31:47,6.51,S,100
09:31:47,6.51,S,3000
09:31:47,6.51,S,3800
09:31:47,6.52,S,6400
09:31:47,6.52,S,1000
09:31:47,6.52,S,200
09:31:47,6.53,S,1000
09:31:47,6.52,S,1300
09:31:47,6.52,S,700
09:31:47,6.52,S,200
09:31:47,6.52,S,6000
09:31:47,6.52,S,3000
09:31:48,6.53,S,300
09:31:48,6.53,S,2000
09:31:48,6.53,S,200
09:31:48,6.53,S,7500
09:31:48,6.52,S,5800
09:31:48,6.52,S,2800
09:31:48,6.52,S,8700
09:31:48,6.52,S,100
09:31:48,6.52,S,3500
09:31:48,6.52,S,700
09:31:48,6.52,S,7100
09:31:48,6.52,S,2500
09:31:48,6.52,S,1000
09:31:48,6.52,S,5000
09:31:48,6.52,S,2500
09:31:48,6.52,S,200
09:31:48,6.53,S,2000
09:31:48,6.53,S,5000
09:31:48,6.53,S,1900
09:31:48,6.53,S,2000
09:31:48,6.52,S,1800
09:31:48,6.52,S,1000
09:31:48,6.52,S,200
09:31:48,6.52,S,2000
09:31:48,6.52,S,3300
09:31:48,6.52,S,6000
09:31:48,6.51,S,1200
09:31:48,6.51,S,10000
09:31:48,6.51,S,2000
09:31:48,6.51,S,500
09:31:48,6.51,S,10000
09:31:48,6.51,S,100
09:31:48,6.51,S,800
09:31:48,6.51,S,7900
09:31:48,6.52,S,2100
09:31:49,6.52,S,1400
09:31:49,6.52,S,200
09:31:49,6.52,S,4000
09:31:49,6.52,S,1000
09:31:49,6.52,S,200
09:31:49,6.52,S,200
09:31:49,6.53,S,300
09:31:49,6.53,S,200
09:31:49,6.53,S,8600
09:31:49,6.53,S,1300
09:31:49,6.53,S,100
09:31:49,6.52,S,1900
09:31:49,6.55,B,3579
09:31:49,6.55,B,400
09:31:49,6.55,B,2100
09:31:49,6.55,B,100
09:31:49,6.55,B,1121
09:31:49,6.54,S,1000
09:31:49,6.54,S,200
09:31:49,6.54,S,1600
09:31:50,6.54,S,2200
09:31:50,6.52,S,9000
09:31:50,6.52,S,1600
09:31:50,6.52,S,8400
09:31:50,6.52,S,1400
09:31:50,6.52,S,200
09:31:50,6.52,S,1500
09:31:50,6.52,S,600
09:31:50,6.52,S,1100
09:31:50,6.52,S,1400
09:31:50,6.52,S,100
09:31:50,6.52,S,4000
09:31:50,6.52,S,21100
09:31:50,6.52,S,5900
09:31:50,6.52,S,7900
09:31:50,6.52,S,9100
09:31:50,6.52,S,500
09:31:50,6.52,S,1000
09:31:50,6.52,S,700
09:31:50,6.52,S,200
09:31:50,6.53,B,100
09:31:50,6.53,S,100
09:31:50,6.52,S,2100
09:31:50,6.52,S,3000
09:31:50,6.52,S,800
09:31:50,6.52,S,500
09:31:50,6.52,S,600
09:31:50,6.52,S,700
09:31:50,6.52,S,2000
09:31:50,6.52,S,3000
09:31:50,6.52,S,5600
09:31:50,6.52,S,1000
09:31:50,6.52,S,3300
09:31:50,6.52,S,900
09:31:50,6.54,S,5000
09:31:50,6.52,S,15800
09:31:50,6.52,S,200
09:31:50,6.52,S,20000
09:31:50,6.52,S,400
09:31:50,6.51,S,300
09:31:51,6.51,S,100
09:31:51,6.51,S,100
09:31:51,6.52,B,700
09:31:51,6.53,S,2400
09:31:51,6.53,S,4300
09:31:51,6.53,S,1500
09:31:51,6.53,S,700
09:31:51,6.51,S,900
09:31:51,6.51,S,8800
09:31:51,6.52,S,500
09:31:51,6.52,S,500
09:31:51,6.51,S,2100
09:31:51,6.51,S,2000
09:31:51,6.51,S,3000
09:31:51,6.52,B,2000
09:31:51,6.52,B,1000
09:31:51,6.52,B,2000
09:31:51,6.52,S,1200
09:31:51,6.52,S,600
09:31:51,6.52,S,1200
09:31:51,6.52,S,1400
09:31:51,6.54,S,1000
09:31:51,6.52,S,2100
09:31:51,6.51,S,14900
09:31:52,6.51,S,6000
09:31:52,6.53,S,600
09:31:52,6.53,S,400
09:31:52,6.52,S,100
09:31:52,6.52,S,100
09:31:52,6.52,S,1000
09:31:52,6.52,S,1000
09:31:52,6.52,S,800
09:31:52,6.52,S,1200
09:31:52,6.52,S,2000
09:31:52,6.52,S,2000
09:31:52,6.52,B,400
09:31:52,6.55,B,1100
09:31:52,6.55,B,679
09:31:52,6.55,B,400
09:31:52,6.55,B,4300
09:31:52,6.55,B,500
09:31:52,6.55,B,500
09:31:52,6.55,B,5000
09:31:52,6.55,B,600
09:31:52,6.55,B,1200
09:31:52,6.55,B,6000
09:31:52,6.55,B,6000
09:31:52,6.55,B,1000
09:31:52,6.55,B,1200
09:31:52,6.55,B,2000
09:31:52,6.55,B,100
09:31:52,6.55,B,10000
09:31:52,6.55,B,1000
09:31:52,6.55,B,600
09:31:52,6.55,B,3000
09:31:52,6.55,B,1800
09:31:52,6.55,B,100
09:31:52,6.55,B,100
09:31:52,6.55,B,14500
09:31:52,6.55,B,5000
09:31:52,6.55,B,2000
09:31:52,6.55,B,400
09:31:52,6.55,B,100
09:31:52,6.55,B,5000
09:31:52,6.55,B,2000
09:31:52,6.55,B,6900
09:31:52,6.55,B,500
09:31:52,6.55,B,200
09:31:52,6.55,B,800
09:31:52,6.55,B,200
09:31:52,6.55,B,6500
09:31:52,6.55,B,2800
09:31:52,6.55,B,300
09:31:52,6.56,B,6721
09:31:52,6.53,S,600
09:31:52,6.51,S,900
09:31:52,6.51,S,2000
09:31:52,6.52,S,1000
09:31:52,6.52,S,1100
09:31:52,6.51,S,1800
09:31:53,6.52,S,1000
09:31:53,6.52,S,1000
09:31:53,6.52,S,300
09:31:53,6.52,B,200
09:31:53,6.52,B,500
09:31:53,6.52,S,1500
09:31:53,6.52,S,2500
09:31:53,6.52,S,1200
09:31:53,6.52,S,4300
09:31:53,6.52,S,400
09:31:53,6.52,S,400
09:31:53,6.51,S,8200
09:31:53,6.52,S,1100
09:31:53,6.51,S,7300
09:31:53,6.51,S,400
09:31:53,6.52,B,200
09:31:53,6.51,S,500
09:31:53,6.51,S,800
09:31:53,6.52,B,300
09:31:53,6.51,S,200
09:31:53,6.52,B,1000
09:31:53,6.52,B,1500
09:31:53,6.51,S,5000
09:31:54,6.51,S,2800
09:31:54,6.51,S,1500
09:31:54,6.52,B,3200
09:31:54,6.52,B,2000
09:31:54,6.51,S,13400
09:31:54,6.52,B,1000
09:31:54,6.51,S,200
09:31:54,6.52,B,1300
09:31:54,6.52,B,700
09:31:54,6.52,B,2000
09:31:54,6.52,S,18000
09:31:54,6.52,S,500
09:31:54,6.51,S,8900
09:31:54,6.51,S,800
09:31:54,6.52,B,500
09:31:54,6.52,B,500
09:31:54,6.52,B,2000
09:31:54,6.52,S,800
09:31:54,6.52,S,2200
09:31:54,6.52,S,200
09:31:54,6.52,S,1200
09:31:54,6.51,S,5400
09:31:54,6.52,B,2000
09:31:54,6.53,B,300
09:31:54,6.52,S,5000
09:31:54,6.52,S,2900
09:31:54,6.52,S,700
09:31:55,6.53,B,200
09:31:55,6.53,B,300
09:31:55,6.52,S,2000
09:31:55,6.52,S,3000
09:31:55,6.53,B,200
09:31:55,6.53,B,800
09:31:55,6.52,S,700
09:31:55,6.52,S,100
09:31:55,6.52,S,600
09:31:55,6.52,S,2800
09:31:55,6.52,S,200
09:31:55,6.52,S,100
09:31:55,6.53,B,200
09:31:55,6.53,S,300
09:31:55,6.53,S,2700
09:31:55,6.53,S,20000
09:31:55,6.53,S,100
09:31:56,6.53,S,100
09:31:56,6.53,S,400
09:31:56,6.53,S,6700
09:31:56,6.53,S,800
09:31:56,6.52,S,1100
09:31:56,6.53,S,1000
09:31:56,6.53,S,900
09:31:56,6.53,S,800
09:31:56,6.52,S,200
09:31:56,6.55,S,200
09:31:56,6.55,S,3000
09:31:56,6.55,S,1800
09:31:56,6.54,S,2600
09:31:57,6.54,S,700
09:31:57,6.54,S,700
09:31:57,6.54,S,200
09:31:57,6.54,S,400
09:31:57,6.54,S,100
09:31:57,6.55,B,700
09:31:57,6.54,S,2000
09:31:57,6.54,S,500
09:31:57,6.54,S,1200
09:31:57,6.54,S,600
09:31:57,6.54,S,400
09:31:57,6.54,S,400
09:31:57,6.55,B,2300
09:31:57,6.55,B,500
09:31:57,6.55,B,1000
09:31:58,6.55,S,5000
09:31:58,6.55,S,1200
09:31:58,6.54,S,2500
09:31:58,6.54,S,1700
09:31:58,6.53,S,2500
09:31:58,6.53,S,500
09:31:58,6.53,S,100
09:31:58,6.53,S,1500
09:31:58,6.53,S,400
09:31:58,6.53,S,3000
09:31:59,6.53,S,2500
09:31:59,6.53,S,1600
09:31:59,6.53,S,2000
09:31:59,6.53,S,100
09:31:59,6.53,S,500
09:31:59,6.53,S,100
09:31:59,6.53,S,100
09:31:59,6.56,B,5000
09:31:59,6.53,S,1100
09:31:59,6.53,S,10000
09:31:59,6.53,S,2000
09:31:59,6.53,S,1000
09:31:59,6.54,S,100
09:31:59,6.53,S,700
09:31:59,6.53,S,300
09:31:59,6.53,S,3000
09:31:59,6.53,S,600
09:31:59,6.53,S,6400
09:31:59,6.53,S,500
09:31:59,6.53,S,400
09:31:59,6.53,S,12000
09:31:59,6.53,S,5000
09:31:59,6.53,S,1000
09:31:59,6.53,S,400
09:31:59,6.53,S,500
09:31:59,6.53,S,200
09:31:59,6.53,S,300
09:31:59,6.53,S,700
09:31:59,6.53,S,300
09:31:59,6.53,S,100
09:31:59,6.53,S,600
09:31:59,6.53,S,1400
09:31:59,6.53,S,500
09:31:59,6.53,S,1000
09:31:59,6.53,S,2100
09:32:00,6.53,S,1000
09:32:00,6.53,S,1100
09:32:00,6.52,S,6900
09:32:00,6.52,S,2000
09:32:00,6.52,S,1000
09:32:00,6.52,S,100
09:32:00,6.52,S,100
09:32:00,6.54,S,2000
09:32:00,6.54,S,1500
09:32:00,6.54,S,700
09:32:00,6.54,S,800
09:32:00,6.55,B,300
09:32:00,6.55,S,300
09:32:00,6.55,S,600
09:32:00,6.55,S,300
09:32:00,6.54,S,4400
09:32:00,6.54,S,700
09:32:01,6.54,S,1000
09:32:01,6.54,S,1000
09:32:01,6.54,S,200
09:32:01,6.54,S,300
09:32:01,6.54,S,400
09:32:01,6.54,S,3400
09:32:01,6.54,S,100
09:32:01,6.54,S,2300
09:32:01,6.54,S,300
09:32:01,6.54,S,900
09:32:01,6.54,S,100
09:32:01,6.53,S,1000
09:32:01,6.53,S,8000
09:32:02,6.53,S,12000
09:32:02,6.53,S,100
09:32:02,6.53,S,1600
09:32:02,6.53,S,300
09:32:02,6.53,S,300
09:32:02,6.53,S,1000
09:32:02,6.53,S,700
09:32:02,6.53,S,2500
09:32:02,6.53,S,1000
09:32:02,6.53,S,1000
09:32:02,6.52,S,9900
09:32:02,6.52,S,3000
09:32:02,6.52,S,4000
09:32:02,6.52,S,100
09:32:02,6.53,S,2200
09:32:02,6.53,S,2800
09:32:02,6.52,S,16500
09:32:02,6.52,S,7500
09:32:02,6.53,S,800
09:32:02,6.52,S,200
09:32:02,6.53,S,400
09:32:02,6.52,S,100
09:32:02,6.52,S,600
09:32:02,6.52,S,8000
09:32:02,6.52,S,100
09:32:02,6.55,B,600
09:32:02,6.55,S,400
09:32:02,6.52,S,600
09:32:02,6.52,S,12300
09:32:02,6.52,S,17700
09:32:02,6.53,S,200
09:32:02,6.53,S,800
09:32:02,6.53,S,2000
09:32:03,6.52,S,5500
09:32:03,6.53,B,1500
09:32:03,6.52,S,9500
09:32:03,6.52,S,1000
09:32:03,6.53,B,400
09:32:04,6.52,S,5000
09:32:04,6.52,S,400
09:32:04,6.52,S,1000
09:32:04,6.53,B,300
09:32:04,6.52,S,400
09:32:04,6.52,S,1800
09:32:04,6.52,S,2300
09:32:04,6.53,B,200
09:32:04,6.52,S,2000
09:32:04,6.52,S,200
09:32:04,6.53,B,5000
