Time,Price,BuySell,Volume
09:25:03,7.47,B,100
09:25:03,7.47,B,200
09:25:03,7.47,B,6800
09:25:03,7.47,B,13200
09:25:03,7.47,B,900
09:25:03,7.47,B,8400
09:25:03,7.47,B,500
09:25:03,7.47,B,3400
09:25:03,7.47,B,200
09:25:03,7.47,B,1300
09:25:03,7.47,B,100
09:25:03,7.47,B,100
09:25:03,7.47,B,500
09:25:03,7.47,B,200
09:25:03,7.47,B,200
09:25:03,7.47,B,3000
09:25:03,7.47,B,200
09:25:03,7.47,B,500
09:25:03,7.47,B,400
09:25:03,7.47,B,100
09:25:03,7.47,B,100
09:25:03,7.47,B,200
09:25:03,7.47,B,1800
09:25:03,7.47,B,600
09:25:03,7.47,B,2400
09:25:03,7.47,B,1700
09:25:03,7.47,B,700
09:25:03,7.47,B,100
09:25:03,7.47,B,700
09:25:03,7.47,B,100
09:25:03,7.47,B,100
09:25:03,7.47,B,600
09:25:03,7.47,B,300
09:25:03,7.47,B,100
09:25:03,7.47,B,100
09:25:03,7.47,S,600
09:25:03,7.47,S,2200
09:25:03,7.47,S,3000
09:25:03,7.47,B,100
09:25:03,7.47,B,1800
09:25:03,7.47,B,100
09:25:03,7.47,S,6000
09:25:03,7.47,S,200
09:25:03,7.47,S,100
09:25:03,7.47,S,100
09:25:03,7.47,S,100
09:25:03,7.47,S,1000
09:25:03,7.47,S,10200
09:25:03,7.47,S,200
09:25:03,7.47,B,1000
09:25:03,7.47,B,4345
09:25:03,7.47,B,200
09:25:03,7.47,B,5000
09:25:03,7.47,B,200
09:25:03,7.47,B,300
09:25:03,7.47,B,200
09:25:03,7.47,B,100
09:25:03,7.47,B,100
09:25:03,7.47,B,100
09:25:03,7.47,B,200
09:25:03,7.47,B,100
09:25:03,7.47,B,700
09:25:03,7.47,B,800
09:25:03,7.47,B,1600
09:25:03,7.47,B,200
09:25:03,7.47,B,1000
09:25:03,7.47,B,200
09:25:03,7.47,B,100
09:25:03,7.47,B,100
09:25:03,7.47,B,600
09:25:03,7.47,B,100
09:25:03,7.47,B,500
09:25:03,7.47,B,100
09:25:03,7.47,B,2000
09:25:03,7.47,B,400
09:25:03,7.47,B,700
09:25:03,7.47,B,55
09:25:03,7.47,S,1645
09:25:03,7.47,S,200
09:25:03,7.47,S,155
09:25:03,7.47,S,300
09:25:03,7.47,S,600
09:25:03,7.47,B,800
09:25:03,7.47,B,1145
09:25:03,7.47,B,400
09:25:03,7.47,B,455
09:25:03,7.47,B,2545
09:25:03,7.47,B,300
09:25:03,7.47,B,1100
09:25:03,7.47,B,500
09:25:03,7.47,B,800
09:25:03,7.47,B,1000
09:25:03,7.47,B,200
09:25:03,7.47,B,1000
09:25:03,7.47,B,9400
09:25:03,7.47,B,3155
09:25:03,7.47,B,2845
09:25:03,7.47,B,2600
09:25:03,7.47,B,1200
09:25:03,7.47,B,100
09:25:03,7.47,B,200
09:30:00,7.48,B,500
09:30:00,7.48,B,1500
09:30:00,7.48,B,2000
09:30:00,7.48,B,300
09:30:00,7.49,B,1000
09:30:00,7.49,B,1300
09:30:02,7.49,S,1400
09:30:02,7.49,S,2300
09:30:02,7.49,S,1400
09:30:02,7.49,S,1400
09:30:02,7.5,B,600
09:30:02,7.49,S,3700
09:30:02,7.49,S,1500
09:30:03,7.5,B,2700
09:30:03,7.5,B,500
09:30:03,7.49,S,7500
09:30:03,7.49,S,600
09:30:03,7.49,S,3000
09:30:03,7.49,S,100
09:30:03,7.49,S,100
09:30:03,7.49,S,2000
09:30:03,7.48,S,200
09:30:03,7.48,S,800
09:30:03,7.5,B,1000
09:30:03,7.48,S,800
09:30:04,7.49,S,100
09:30:04,7.5,B,100
09:30:04,7.5,B,100
09:30:04,7.5,B,200
09:30:04,7.5,B,200
09:30:04,7.5,B,400
09:30:04,7.49,S,100
09:30:04,7.49,S,10000
09:30:04,7.5,B,600
09:30:04,7.5,B,2000
09:30:04,7.5,B,3000
09:30:04,7.5,B,100
09:30:04,7.5,B,300
09:30:04,7.5,B,700
09:30:04,7.5,B,1500
09:30:04,7.5,S,4000
09:30:04,7.5,S,200
09:30:04,7.5,S,100
09:30:04,7.5,S,1400
09:30:05,7.5,S,1400
09:30:05,7.5,S,100
09:30:05,7.49,S,1200
09:30:05,7.49,S,2000
09:30:05,7.49,S,5600
09:30:05,7.49,S,2500
09:30:05,7.49,S,1500
09:30:05,7.49,S,1000
09:30:05,7.48,S,9400
09:30:05,7.53,B,700
09:30:06,7.5,S,365
09:30:06,7.52,B,2000
09:30:06,7.53,B,3400
09:30:06,7.53,B,4000
09:30:06,7.54,B,1000
09:30:06,7.54,B,2000
09:30:06,7.54,B,100
09:30:06,7.55,B,300
09:30:06,7.55,B,100
09:30:06,7.55,B,1000
09:30:06,7.55,B,100
09:30:06,7.5,S,635
09:30:06,7.5,S,665
09:30:06,7.5,S,300
09:30:06,7.5,S,135
09:30:06,7.5,S,165
09:30:07,7.5,S,1035
09:30:07,7.5,S,1000
09:30:07,7.49,S,1000
09:30:07,7.48,S,8900
09:30:07,7.48,S,700
09:30:07,7.48,S,200
09:30:07,7.48,S,200
09:30:07,7.48,S,2000
09:30:07,7.48,S,3100
09:30:07,7.48,S,2000
09:30:07,7.48,S,500
09:30:07,7.48,S,10000
09:30:07,7.48,S,3000
09:30:07,7.48,S,2065
09:30:07,7.48,S,935
09:30:07,7.48,S,700
09:30:07,7.48,S,865
09:30:07,7.48,S,135
09:30:07,7.48,S,300
09:30:07,7.48,S,765
09:30:07,7.55,B,1900
09:30:07,7.55,B,300
09:30:07,7.55,B,1000
09:30:07,7.56,B,200
09:30:07,7.48,S,235
09:30:07,7.48,S,1265
09:30:07,7.5,S,200
09:30:08,7.54,S,100
09:30:08,7.54,S,400
09:30:08,7.5,S,100
09:30:09,7.5,S,500
09:30:09,7.5,S,1000
09:30:09,7.5,S,1200
09:30:09,7.5,S,1400
09:30:09,7.49,S,500
09:30:09,7.49,S,300
09:30:09,7.48,S,1535
09:30:09,7.48,S,1000
09:30:09,7.48,S,600
09:30:09,7.48,S,100
09:30:09,7.48,S,1000
09:30:09,7.48,S,700
09:30:09,7.48,S,1665
09:30:11,7.5,S,100
09:30:11,7.49,S,1600
09:30:11,7.5,S,100
09:30:11,7.5,S,100
09:30:11,7.49,S,100
09:30:12,7.5,S,1000
09:30:13,7.51,B,2000
09:30:15,7.5,S,300
09:30:18,7.5,S,100
09:30:18,7.5,S,100
09:30:19,7.51,B,700
09:30:19,7.52,B,300
09:30:20,7.5,S,400
09:30:23,7.52,B,100
09:30:29,7.51,S,800
09:30:29,7.51,S,1800
09:30:29,7.51,S,500
09:30:29,7.5,S,300
09:30:29,7.52,B,100
09:30:29,7.52,B,900
09:30:30,7.51,S,500
09:30:30,7.5,S,1100
09:30:30,7.5,S,200
09:30:30,7.5,S,1000
09:30:32,7.52,B,100
09:30:34,7.52,B,200
09:30:35,7.52,B,400
09:30:37,7.52,B,1000
09:30:38,7.52,B,900
09:30:38,7.52,B,100
09:30:38,7.52,B,500
09:30:39,7.52,B,3000
09:30:39,7.51,S,500
09:30:40,7.51,S,400
09:30:40,7.51,S,600
09:30:40,7.51,S,600
09:30:40,7.51,S,200
09:30:40,7.51,S,4900
09:30:40,7.52,B,1500
09:30:40,7.52,B,5000
09:30:40,7.52,B,500
09:30:40,7.53,B,500
09:30:41,7.52,S,3000
09:30:41,7.52,S,100
09:30:41,7.51,S,5100
09:30:41,7.51,S,2000
09:30:41,7.51,S,300
09:30:41,7.5,S,1700
09:30:41,7.5,S,300
09:30:41,7.5,S,5000
09:30:41,7.5,S,400
09:30:41,7.5,S,1000
09:30:41,7.5,S,1400
09:30:41,7.5,S,300
09:30:41,7.5,S,500
09:30:41,7.5,S,300
09:30:41,7.5,S,500
09:30:41,7.5,B,500
09:30:41,7.5,B,200
09:30:41,7.5,B,500
09:30:42,7.5,B,900
09:30:42,7.5,B,500
09:30:42,7.5,B,400
09:30:42,7.5,B,400
09:30:42,7.52,B,1600
09:30:43,7.52,B,1400
09:30:43,7.53,B,9000
09:30:43,7.53,B,1000
09:30:45,7.53,B,1300
09:30:45,7.53,B,200
09:30:45,7.53,B,600
09:30:45,7.53,B,2000
09:30:45,7.53,B,10000
09:30:45,7.53,B,9065
09:30:45,7.54,B,2700
09:30:45,7.55,B,500
09:30:45,7.55,B,1500
09:30:45,7.55,B,100
09:30:45,7.55,B,100
09:30:45,7.55,B,5000
09:30:45,7.55,B,20000
09:30:45,7.56,B,100
09:30:45,7.56,B,1000
09:30:45,7.56,B,630
09:30:45,7.56,B,1200
09:30:45,7.56,B,1600
09:30:45,7.57,B,100
09:30:45,7.57,B,2000
09:30:45,7.57,B,4000
09:30:45,7.57,S,800
09:30:48,7.58,B,1100
09:30:48,7.58,B,1000
09:30:48,7.58,B,500
09:30:48,7.57,S,1600
09:30:48,7.57,S,3005
09:30:48,7.53,S,500
09:30:48,7.52,S,600
09:30:48,7.52,S,200
09:30:48,7.52,S,1000
09:30:48,7.52,S,800
09:30:48,7.52,S,1895
09:30:50,7.53,S,600
09:30:53,7.52,S,700
09:30:53,7.52,S,2405
09:30:53,7.52,S,1195
09:30:53,7.53,B,1200
09:30:55,7.53,B,500
09:30:55,7.53,B,2400
09:30:56,7.53,B,200
09:30:56,7.52,S,805
09:30:56,7.52,S,1600
09:30:56,7.52,S,595
09:30:58,7.53,B,2000
09:30:58,7.55,B,3000
09:30:58,7.55,B,800
09:30:59,7.55,B,600
09:30:59,7.52,S,600
09:31:02,7.54,S,200
09:31:02,7.53,S,100
09:31:02,7.53,S,500
09:31:02,7.53,S,500
09:31:02,7.53,S,200
09:31:02,7.52,S,800
09:31:02,7.52,S,400
09:31:02,7.55,B,4000
09:31:03,7.55,B,1600
09:31:03,7.57,B,400
09:31:03,7.57,B,1500
09:31:04,7.55,S,400
09:31:04,7.55,S,9000
09:31:04,7.53,S,600
09:31:04,7.53,S,1100
09:31:04,7.53,S,400
09:31:04,7.53,S,1000
09:31:04,7.53,S,1000
09:31:04,7.52,S,605
09:31:04,7.52,S,3000
09:31:04,7.52,S,5000
09:31:04,7.52,S,15600
09:31:04,7.52,S,1500
09:31:04,7.52,S,3000
09:31:04,7.52,S,1500
09:31:04,7.52,S,3000
09:31:04,7.52,S,1595
09:31:05,7.52,S,200
09:31:07,7.56,B,1500
09:31:07,7.56,B,100
09:31:07,7.57,B,400
09:31:08,7.57,B,100
09:31:09,7.55,S,300
09:31:09,7.55,S,400
09:31:09,7.53,S,2000
09:31:09,7.53,S,300
09:31:09,7.53,S,1600
09:31:09,7.53,S,100
09:31:09,7.53,S,1100
09:31:09,7.53,S,3000
09:31:09,7.52,S,2905
09:31:09,7.52,S,800
09:31:09,7.52,S,900
09:31:09,7.52,S,1200
09:31:09,7.52,S,1000
09:31:09,7.52,S,1000
09:31:09,7.52,S,1295
09:31:10,7.55,S,1000
09:31:12,7.58,B,1000
09:31:13,7.55,S,200
09:31:15,7.55,S,700
09:31:15,7.54,S,1400
09:31:15,7.53,S,100
09:31:15,7.53,S,1000
09:31:15,7.53,S,100
09:31:15,7.53,S,4500
09:31:15,7.58,B,1000
09:31:15,7.58,B,1000
09:31:16,7.57,S,600
09:31:16,7.53,S,2400
09:31:16,7.53,S,1000
09:31:16,7.53,S,300
09:31:16,7.53,S,700
09:31:16,7.58,B,700
09:31:16,7.58,B,300
09:31:16,7.58,B,700
09:31:17,7.58,B,300
09:31:17,7.58,B,100
09:31:17,7.58,B,3700
09:31:17,7.58,S,900
09:31:18,7.57,B,200
09:31:19,7.53,S,2000
09:31:19,7.53,S,1000
09:31:19,7.57,B,300
09:31:19,7.58,B,5800
09:31:20,7.58,B,500
09:31:20,7.58,B,2800
09:31:20,7.58,B,1000
09:31:20,7.59,B,2000
09:31:20,7.59,B,600
09:31:20,7.59,B,1200
09:31:20,7.59,B,1300
09:31:20,7.59,B,100
09:31:21,7.53,S,600
09:31:22,7.55,B,100
09:31:22,7.55,B,100
09:31:24,7.58,B,1000
09:31:24,7.56,S,100
09:31:25,7.56,B,300
09:31:25,7.56,B,800
09:31:25,7.55,S,500
09:31:25,7.55,B,500
09:31:25,7.54,S,300
09:31:26,7.55,B,300
09:31:26,7.55,B,400
09:31:26,7.56,B,800
09:31:26,7.57,B,500
09:31:26,7.58,B,300
09:31:26,7.56,S,100
09:31:27,7.56,S,800
09:31:27,7.55,S,300
09:31:27,7.55,B,500
09:31:27,7.55,B,1000
09:31:27,7.55,B,800
09:31:28,7.55,B,1000
09:31:28,7.55,B,500
09:31:28,7.55,B,100
09:31:28,7.58,B,2000
09:31:29,7.58,B,100
09:31:29,7.58,B,3000
09:31:30,7.57,B,100
09:31:30,7.57,B,1900
09:31:30,7.58,B,1100
09:31:30,7.56,B,500
09:31:33,7.54,S,3000
09:31:33,7.53,S,1800
09:31:33,7.53,S,200
09:31:33,7.55,B,500
09:31:33,7.55,S,500
09:31:33,7.54,S,500
09:31:34,7.56,B,600
09:31:34,7.56,B,600
09:31:34,7.57,B,1200
09:31:34,7.58,B,2500
09:31:34,7.58,B,2000
09:31:34,7.58,B,3000
09:31:34,7.58,B,200
09:31:36,7.58,B,2000
09:31:36,7.58,B,300
09:31:36,7.57,S,100
09:31:36,7.56,S,100
09:31:36,7.55,S,1200
09:31:36,7.55,S,2500
09:31:36,7.55,S,1000
09:31:36,7.55,S,500
09:31:36,7.54,S,2500
09:31:36,7.53,S,2100
09:31:36,7.58,B,1200
09:31:36,7.58,B,200
09:31:36,7.58,B,200
09:31:36,7.58,B,300
09:31:36,7.58,B,300
09:31:37,7.58,B,2300
09:31:37,7.59,B,7700
09:31:38,7.56,S,100
09:31:38,7.58,S,700
09:31:39,7.58,S,300
09:31:39,7.58,S,500
09:31:39,7.58,S,500
09:31:42,7.58,S,100
09:31:42,7.58,S,200
09:31:42,7.58,S,1800
09:31:42,7.58,S,200
09:31:42,7.58,S,200
09:31:42,7.58,S,200
09:31:42,7.58,S,1100
09:31:43,7.58,S,500
09:31:43,7.58,S,300
09:31:43,7.58,S,900
09:31:43,7.58,S,1100
09:31:43,7.58,S,2300
09:31:43,7.59,B,500
09:31:46,7.59,B,500
09:31:46,7.58,S,1600
09:31:46,7.58,S,3400
09:31:46,7.58,S,100
09:31:46,7.58,S,100
09:31:46,7.58,S,200
09:31:48,7.58,S,200
09:31:48,7.58,S,500
09:31:48,7.58,S,500
09:31:49,7.58,S,500
09:31:49,7.58,S,500
09:31:49,7.58,S,400
09:31:49,7.58,S,100
09:31:49,7.58,S,700
09:31:49,7.58,S,200
09:31:49,7.58,S,100
09:31:50,7.58,S,700
09:31:50,7.58,S,200
09:31:50,7.58,S,1100
09:31:50,7.59,B,700
09:31:50,7.58,S,500
09:31:50,7.58,S,400
09:31:50,7.58,S,3000
09:31:50,7.58,S,500
09:31:50,7.58,S,500
09:31:50,7.58,S,600
09:31:51,7.59,B,200
09:31:51,7.58,S,400
09:31:51,7.58,B,1400
09:31:51,7.58,B,100
09:31:52,7.58,B,2000
09:31:52,7.58,B,100
09:31:52,7.58,B,100
09:31:53,7.58,B,100
09:31:53,7.58,B,1000
09:31:54,7.58,B,2000
09:31:54,7.58,B,2200
09:31:54,7.58,B,200
09:31:54,7.58,B,400
09:31:55,7.59,B,100
09:31:56,7.58,S,600
09:31:56,7.58,B,100
09:31:56,7.59,B,200
09:31:57,7.59,B,700
09:31:57,7.59,B,300
09:31:57,7.59,B,1000
09:31:58,7.58,S,900
09:31:58,7.58,S,500
09:31:58,7.58,S,200
09:31:58,7.58,B,400
09:31:58,7.58,B,1600
09:31:58,7.57,S,2000
09:31:58,7.57,S,1000
09:31:58,7.57,S,2000
09:31:58,7.57,S,100
09:31:58,7.58,B,400
09:31:58,7.59,B,600
09:31:58,7.59,B,1400
09:31:59,7.59,B,2600
09:31:59,7.59,B,100
09:31:59,7.59,B,700
09:31:59,7.59,B,600
09:31:59,7.58,S,200
09:32:00,7.58,S,600
09:32:00,7.59,B,2400
09:32:00,7.59,B,1600
09:32:00,7.59,B,1000
09:32:01,7.58,S,1000
09:32:02,7.59,B,100
09:32:02,7.59,B,300
09:32:03,7.58,S,1000
09:32:03,7.59,B,1000
09:32:03,7.59,B,600
09:32:03,7.59,B,1500
09:32:03,7.59,B,1000
09:32:03,7.59,B,200
09:32:03,7.59,B,700
09:32:03,7.59,B,4600
09:32:04,7.59,B,1000
09:32:04,7.59,B,1700
09:32:04,7.59,B,300
09:32:04,7.59,B,1000
09:32:04,7.59,B,300
09:32:04,7.59,B,100
09:32:05,7.59,B,700
09:32:06,7.59,B,800
09:32:06,7.59,B,100
09:32:06,7.58,S,700
09:32:06,7.58,S,400
09:32:06,7.58,S,100
09:32:07,7.59,B,1800
09:32:07,7.59,B,5000
09:32:07,7.58,S,1400
09:32:07,7.58,S,200
09:32:07,7.58,S,1200
09:32:07,7.58,S,100
09:32:07,7.58,S,1000
09:32:07,7.58,S,400
09:32:07,7.58,S,500
09:32:07,7.58,S,800
09:32:07,7.58,S,400
09:32:08,7.58,S,1300
09:32:08,7.59,B,100
09:32:08,7.59,B,100
09:32:08,7.58,S,700
09:32:08,7.58,S,300
09:32:08,7.59,B,100
09:32:08,7.58,S,400
09:32:08,7.58,S,100
09:32:09,7.58,S,400
09:32:09,7.58,S,400
09:32:09,7.58,S,100
09:32:09,7.58,S,4500
09:32:09,7.59,B,1000
09:32:09,7.59,B,1600
09:32:09,7.59,B,2400
09:32:10,7.58,S,5000
09:32:10,7.58,S,500
09:32:10,7.58,S,100
09:32:10,7.58,S,500
09:32:10,7.58,S,400
09:32:10,7.59,B,600
09:32:10,7.59,B,400
09:32:10,7.59,B,2100
09:32:10,7.59,B,6945
09:32:10,7.6,B,300
09:32:10,7.6,B,1000
09:32:10,7.6,B,400
09:32:10,7.6,B,2140
09:32:10,7.6,B,100
09:32:10,7.6,B,2500
09:32:10,7.6,B,3160
09:32:11,7.59,S,2000
09:32:12,7.59,S,300
09:32:12,7.59,S,2000
09:32:13,7.59,S,2000
09:32:13,7.59,S,3000
09:32:14,7.6,B,2200
09:32:15,7.59,S,1655
09:32:15,7.59,S,300
09:32:15,7.59,S,45
09:32:15,7.6,B,400
09:32:16,7.59,S,155
09:32:16,7.59,S,600
09:32:16,7.59,S,245
09:32:16,7.59,S,755
09:32:16,7.59,S,200
09:32:16,7.59,S,45
09:32:16,7.59,S,800
09:32:18,7.6,B,240
09:32:18,7.6,B,960
09:32:18,7.59,S,155
09:32:18,7.59,S,300
09:32:18,7.59,S,145
09:32:19,7.6,B,540
09:32:19,7.6,B,2000
09:32:19,7.6,B,500
09:32:19,7.6,B,300
09:32:19,7.6,B,5000
09:32:19,7.6,B,1200
09:32:19,7.6,B,200
09:32:19,7.6,B,10000
09:32:19,7.6,B,500
09:32:19,7.6,B,10000
09:32:19,7.6,B,2900
09:32:19,7.6,B,10000
09:32:19,7.6,B,2000
09:32:19,7.6,B,800
09:32:19,7.6,B,10000
09:32:19,7.6,B,200
09:32:19,7.6,B,1000
09:32:19,7.6,B,400
09:32:19,7.6,B,3000
09:32:19,7.6,B,300
09:32:19,7.61,B,2000
09:32:19,7.61,B,200
09:32:19,7.61,B,2000
09:32:19,7.61,B,400
09:32:19,7.61,B,800
09:32:19,7.61,B,2000
09:32:19,7.61,B,1500
09:32:19,7.61,B,44600
09:32:19,7.61,B,2000
09:32:19,7.62,B,11800
09:32:19,7.62,B,2000
09:32:19,7.62,B,28000
09:32:19,7.62,B,1000
09:32:19,7.62,S,15000
09:32:19,7.63,B,2000
09:32:19,7.63,B,700
09:32:19,7.63,B,2000
09:32:19,7.63,B,300
09:32:19,7.62,S,600
09:32:20,7.62,S,500
09:32:21,7.62,S,2000
09:32:22,7.62,S,500
09:32:22,7.62,S,500
09:32:23,7.62,S,3000
09:32:23,7.62,S,100
09:32:24,7.62,S,100
09:32:24,7.62,S,500
09:32:24,7.62,S,3100
09:32:25,7.62,S,500
09:32:26,7.62,S,2000
09:32:26,7.62,S,500
09:32:26,7.62,S,100
09:32:26,7.62,S,400
09:32:27,7.62,S,100
09:32:27,7.62,S,10000
09:32:27,7.62,S,200
09:32:28,7.63,B,400
09:32:28,7.64,B,200
09:32:28,7.64,B,2000
09:32:28,7.62,S,1000
09:32:28,7.62,S,2000
09:32:29,7.62,S,1890
09:32:29,7.62,S,700
09:32:30,7.62,S,1500
09:32:30,7.62,S,4000
09:32:30,7.62,S,10000
09:32:31,7.62,S,100
09:32:31,7.62,S,79600
09:32:31,7.62,S,3000
09:32:31,7.62,S,13600
09:32:32,7.63,B,100
09:32:32,7.62,S,1200
09:32:33,7.62,S,200
09:32:33,7.63,B,1900
09:32:33,7.63,B,4000
09:32:33,7.64,B,2000
09:32:34,7.63,S,300
09:32:34,7.63,S,500
09:32:35,7.63,S,1000
09:32:36,7.64,B,3100
09:32:36,7.64,B,1900
09:32:38,7.63,S,1000
09:32:38,7.64,B,500
09:32:39,7.63,S,1000
09:32:40,7.64,B,100
09:32:40,7.64,B,1900
09:32:40,7.64,B,700
09:32:40,7.64,B,800
09:32:40,7.63,S,5300
09:32:40,7.63,S,1700
09:32:42,7.63,S,300
09:32:42,7.64,B,1000
09:32:43,7.63,S,1000
09:32:43,7.63,S,1000
09:32:43,7.63,S,500
09:32:44,7.63,S,500
09:32:44,7.63,S,800
09:32:44,7.63,S,200
09:32:44,7.63,S,1500
09:32:44,7.63,S,1000
09:32:45,7.63,S,2500
09:32:45,7.63,S,1200
09:32:45,7.63,S,1000
09:32:45,7.63,S,300
09:32:45,7.63,S,200
09:32:45,7.63,S,200
09:32:45,7.63,S,200
09:32:45,7.63,S,200
09:32:45,7.63,S,100
09:32:46,7.64,B,100
09:32:46,7.64,B,400
09:32:46,7.63,S,100
09:32:46,7.63,S,1200
09:32:46,7.63,S,500
09:32:46,7.63,S,1500
09:32:46,7.63,S,5000
09:32:46,7.63,S,1000
09:32:46,7.63,S,700
09:32:47,7.64,B,100
09:32:47,7.64,B,500
09:32:47,7.64,B,1000
09:32:47,7.64,B,1000
09:32:47,7.65,B,100
09:32:47,7.65,B,400
09:32:48,7.65,B,700
09:32:49,7.64,S,200
09:32:49,7.64,S,1800
09:32:49,7.64,S,2000
09:32:49,7.64,S,2000
09:32:49,7.64,S,1000
09:32:50,7.64,S,300
09:32:51,7.64,S,500
09:32:52,7.64,S,2400
09:32:52,7.64,S,55500
09:32:52,7.64,S,25100
09:32:52,7.65,B,1000
09:32:52,7.64,S,1900
09:32:52,7.64,S,2000
09:32:52,7.64,S,16100
09:32:53,7.64,S,500
09:32:53,7.65,B,800
09:32:53,7.65,B,500
09:32:53,7.65,B,1000
09:32:53,7.65,B,2000
09:32:53,7.65,B,700
09:32:53,7.65,B,300
09:32:53,7.65,B,200
09:32:53,7.65,B,2000
09:32:53,7.65,B,500
09:32:53,7.64,S,1000
09:32:53,7.64,S,500
09:32:53,7.65,B,200
09:32:53,7.65,B,1300
09:32:54,7.64,S,1300
09:32:54,7.64,S,600
09:32:54,7.64,S,400
09:32:54,7.65,B,8700
09:32:54,7.65,B,4000
09:32:54,7.65,B,3000
09:32:54,7.65,B,2200
09:32:54,7.65,B,2000
09:32:54,7.65,B,1000
09:32:54,7.65,B,1300
09:32:54,7.65,B,1000
09:32:54,7.65,B,1300
09:32:54,7.65,B,500
09:32:54,7.65,B,2700
09:32:54,7.65,B,2000
09:32:54,7.65,B,300
09:32:54,7.65,B,10000
09:32:54,7.65,B,1000
09:32:54,7.65,B,1600
09:32:54,7.65,B,400
09:32:54,7.65,B,500
09:32:55,7.65,S,1000
09:32:55,7.65,S,4700
09:32:55,7.65,S,3800
09:32:55,7.65,S,1000
09:32:56,7.65,S,1000
09:32:56,7.65,S,500
09:32:57,7.65,S,1500
09:32:58,7.65,S,1000
09:32:59,7.65,S,5000
09:32:59,7.65,S,3000
09:32:59,7.65,S,2000
09:32:59,7.65,S,3000
09:32:59,7.65,S,500
09:33:00,7.65,S,300
09:33:00,7.65,S,900
09:33:00,7.65,S,100
09:33:00,7.65,S,1000
09:33:00,7.65,S,4000
09:33:00,7.65,S,1000
09:33:00,7.65,S,300
09:33:00,7.65,S,700
09:33:00,7.65,S,500
09:33:00,7.64,S,400
09:33:00,7.64,S,2400
09:33:01,7.65,S,5000
09:33:01,7.65,S,1000
09:33:01,7.65,S,2000
09:33:02,7.65,S,200
09:33:02,7.65,S,2000
09:33:03,7.65,S,1000
09:33:03,7.65,S,300
09:33:03,7.65,S,300
09:33:04,7.65,S,200
09:33:04,7.66,B,500
09:33:04,7.65,S,2000
09:33:05,7.65,S,2000
09:33:05,7.65,S,500
09:33:06,7.65,S,500
09:33:06,7.66,B,100
09:33:06,7.66,B,1000
09:33:06,7.66,B,900
09:33:06,7.65,S,5000
09:33:07,7.66,B,100
09:33:07,7.65,S,3000
09:33:07,7.66,B,2600
09:33:07,7.66,B,6400
09:33:07,7.66,B,3600
09:33:08,7.66,B,400
09:33:08,7.66,B,500
09:33:08,7.66,B,100
09:33:08,7.66,B,200
09:33:08,7.66,B,900
09:33:08,7.65,S,2000
09:33:08,7.65,S,2000
09:33:08,7.65,S,10000
09:33:08,7.65,S,600
09:33:09,7.65,S,3000
09:33:09,7.66,B,100
09:33:09,7.66,B,400
09:33:10,7.66,B,200
09:33:11,7.65,S,900
09:33:11,7.66,B,3000
09:33:11,7.66,B,1000
09:33:11,7.66,B,300
09:33:12,7.66,B,100
09:33:12,7.66,B,700
09:33:13,7.65,S,2000
09:33:14,7.66,B,4300
09:33:14,7.66,B,400
09:33:14,7.66,B,300
09:33:14,7.65,S,1000
09:33:14,7.65,S,2200
09:33:14,7.65,S,200
09:33:14,7.65,S,1000
09:33:14,7.65,S,100
09:33:14,7.65,S,7000
09:33:14,7.65,S,200
09:33:14,7.65,S,300
09:33:14,7.65,S,100
09:33:14,7.65,S,500
09:33:14,7.65,S,8400
09:33:14,7.65,S,800
09:33:14,7.66,B,200
09:33:15,7.66,B,500
09:33:15,7.66,B,2000
09:33:15,7.66,B,1000
09:33:15,7.66,B,400
09:33:15,7.66,B,1000
09:33:15,7.66,B,700
09:33:15,7.66,B,1800
09:33:15,7.66,B,2500
09:33:15,7.67,B,500
09:33:15,7.66,S,100
09:33:15,7.66,B,4900
09:33:15,7.66,S,1000
09:33:15,7.66,S,500
09:33:15,7.65,S,200
09:33:15,7.65,S,500
09:33:16,7.66,B,600
09:33:16,7.66,B,5000
09:33:16,7.67,B,1500
09:33:16,7.67,B,2000
09:33:16,7.67,B,1000
09:33:16,7.67,B,1500
09:33:16,7.67,B,800
09:33:16,7.67,B,1700
09:33:16,7.67,B,1200
09:33:16,7.67,B,10000
09:33:16,7.67,B,1000
09:33:16,7.67,B,1000
09:33:16,7.67,B,1300
09:33:16,7.67,B,2200
09:33:16,7.67,B,300
09:33:16,7.68,B,4000
09:33:16,7.68,B,200
09:33:16,7.68,B,1400
09:33:16,7.68,B,200
09:33:16,7.68,B,300
09:33:16,7.68,B,2000
09:33:16,7.68,B,1000
09:33:16,7.68,B,700
09:33:16,7.68,B,2000
09:33:16,7.68,B,900
09:33:16,7.68,B,100
09:33:16,7.68,B,5000
09:33:16,7.68,B,1000
09:33:16,7.68,B,2000
09:33:16,7.68,B,1000
09:33:16,7.68,B,1400
09:33:16,7.68,B,500
09:33:16,7.68,B,5000
09:33:16,7.68,B,100
09:33:16,7.68,B,500
09:33:16,7.68,B,1000
09:33:16,7.68,B,1400
09:33:16,7.68,B,2000
09:33:16,7.68,B,200
09:33:16,7.68,B,1300
09:33:16,7.68,B,100
09:33:17,7.68,B,1000
09:33:17,7.66,S,500
09:33:17,7.66,S,500
09:33:18,7.66,S,1000
09:33:18,7.66,S,4000
09:33:19,7.66,S,100
09:33:20,7.66,S,200
09:33:20,7.66,S,1000
09:33:20,7.66,S,100
09:33:20,7.66,S,7000
09:33:20,7.66,S,1000
09:33:20,7.66,S,300
09:33:20,7.66,S,1300
09:33:20,7.66,S,400
09:33:20,7.66,S,600
09:33:20,7.66,S,400
09:33:21,7.66,S,600
09:33:21,7.66,S,200
09:33:21,7.66,S,200
09:33:21,7.66,S,1600
09:33:21,7.66,S,1000
09:33:21,7.66,S,400
09:33:21,7.66,S,5000
09:33:21,7.66,S,5300
09:33:21,7.66,S,200
09:33:21,7.66,S,3100
09:33:21,7.66,S,23000
09:33:21,7.66,S,1000
09:33:21,7.66,S,1000
09:33:21,7.65,S,100
09:33:21,7.65,S,800
09:33:21,7.65,S,1000
09:33:21,7.65,S,2000
09:33:21,7.65,S,2000
09:33:21,7.65,S,1800
09:33:21,7.65,S,100
09:33:21,7.65,S,200
09:33:21,7.65,S,1000
09:33:21,7.65,S,1000
09:33:21,7.65,S,13000
09:33:21,7.65,S,700
09:33:21,7.65,S,300
09:33:21,7.65,S,500
09:33:21,7.65,S,100
09:33:21,7.65,S,1000
09:33:21,7.65,S,3000
09:33:21,7.65,S,1000
09:33:21,7.65,S,200
09:33:21,7.64,S,5900
09:33:21,7.64,S,3000
09:33:21,7.64,S,700
09:33:21,7.64,S,200
09:33:21,7.64,S,1000
09:33:21,7.64,S,1500
09:33:21,7.64,S,300
09:33:21,7.64,S,500
09:33:21,7.64,S,600
09:33:21,7.64,S,2400
09:33:21,7.64,S,15700
09:33:21,7.64,S,700
09:33:21,7.64,S,500
09:33:21,7.64,S,1000
09:33:21,7.64,S,400
09:33:21,7.64,S,500
09:33:21,7.64,S,2000
09:33:21,7.64,S,300
09:33:21,7.64,S,1000
09:33:21,7.64,S,2000
09:33:21,7.64,S,200
09:33:21,7.64,S,2000
09:33:21,7.64,S,700
09:33:21,7.64,S,3700
09:33:21,7.64,S,2000
09:33:21,7.64,S,100
09:33:21,7.64,S,900
09:33:21,7.64,S,300
09:33:21,7.64,S,300
09:33:21,7.64,S,1000
09:33:21,7.64,S,2000
09:33:21,7.64,S,2000
09:33:21,7.64,S,300
09:33:21,7.64,S,100
09:33:21,7.64,S,500
09:33:21,7.63,S,200
09:33:21,7.63,S,200
09:33:21,7.63,S,4000
09:33:21,7.63,S,100
09:33:21,7.63,S,100
09:33:21,7.63,S,1800
09:33:21,7.63,S,100
09:33:21,7.63,S,1000
09:33:21,7.63,S,1000
09:33:21,7.63,S,1000
09:33:21,7.63,S,1000
09:33:21,7.63,S,100
09:33:21,7.63,S,16300
09:33:21,7.63,S,200
09:33:21,7.63,S,6600
09:33:21,7.63,S,500
09:33:21,7.63,S,100
09:33:21,7.63,S,30000
09:33:21,7.63,S,4400
09:33:21,7.63,S,500
09:33:21,7.63,S,500
09:33:21,7.63,S,800
09:33:21,7.63,S,12000
09:33:21,7.63,S,1000
09:33:21,7.63,S,1000
09:33:21,7.63,S,1400
09:33:21,7.63,S,2000
09:33:21,7.63,S,100
09:33:21,7.63,S,300
09:33:21,7.63,S,500
09:33:21,7.63,S,1000
09:33:21,7.63,S,500
09:33:21,7.62,S,682370
09:33:21,7.62,S,8900
09:33:21,7.62,S,400
09:33:21,7.62,S,6500
09:33:21,7.62,S,500
09:33:21,7.62,S,100
09:33:21,7.61,S,100
09:33:21,7.61,S,2000
09:33:21,7.6,S,3100
09:33:21,7.6,S,100
09:33:21,7.6,S,1000
09:33:21,7.6,S,10000
09:33:21,7.6,S,500
09:33:21,7.6,S,200
09:33:21,7.6,S,200
09:33:21,7.6,S,400
09:33:21,7.6,S,1200
09:33:21,7.6,S,300
09:33:21,7.6,S,200
09:33:21,7.6,S,600
09:33:21,7.6,S,500
09:33:21,7.6,S,1000
09:33:21,7.6,S,200
09:33:21,7.6,S,300
09:33:21,7.6,S,300
09:33:21,7.59,S,2855
09:33:21,7.59,S,1000
09:33:21,7.59,S,700
09:33:21,7.59,S,200
09:33:21,7.59,S,1600
09:33:21,7.59,S,500
09:33:21,7.59,S,500
09:33:21,7.59,S,100
09:33:21,7.59,S,2000
09:33:21,7.59,S,400
09:33:21,7.59,S,200
09:33:21,7.59,S,5000
09:33:21,7.59,S,2900
09:33:21,7.59,S,1000
09:33:21,7.59,S,2000
09:33:21,7.59,S,900
09:33:21,7.59,S,300
09:33:21,7.59,S,5000
09:33:21,7.59,S,2000
09:33:21,7.59,S,100
09:33:21,7.59,S,1000
09:33:21,7.59,S,100
09:33:21,7.59,S,3000
09:33:21,7.59,S,100
09:33:21,7.59,S,200
09:33:21,7.59,S,200
09:33:21,7.59,S,3000
09:33:21,7.59,S,500
09:33:21,7.59,S,1500
09:33:21,7.59,S,5900
09:33:21,7.59,S,18775
09:33:21,7.68,B,1900
09:33:21,7.68,B,400
09:33:21,7.65,S,200
09:33:22,7.65,B,600
09:33:22,7.65,B,2000
09:33:22,7.65,B,100
09:33:22,7.65,B,1100
09:33:22,7.66,B,3200
09:33:22,7.66,S,500
09:33:23,7.66,S,5000
09:33:23,7.66,S,200
09:33:23,7.64,S,1000
09:33:23,7.64,S,100
09:33:23,7.64,S,200
09:33:23,7.64,S,400
09:33:23,7.63,S,200
09:33:23,7.62,S,2000
09:33:24,7.67,B,5000
09:33:24,7.68,B,1300
09:33:24,7.66,S,100
09:33:24,7.66,S,5000
09:33:24,7.66,B,1300
09:33:24,7.67,B,3700
09:33:24,7.67,B,2900
09:33:24,7.68,B,8300
09:33:24,7.68,B,1000
09:33:24,7.68,B,2000
09:33:24,7.68,B,900
09:33:25,7.68,B,2900
09:33:25,7.68,B,600
09:33:25,7.68,B,6000
09:33:26,7.68,S,1000
09:33:26,7.68,S,5100
09:33:26,7.66,S,1000
09:33:26,7.66,S,200
09:33:26,7.66,S,600
09:33:26,7.66,S,200
09:33:26,7.66,S,700
09:33:26,7.65,S,5200
09:33:26,7.69,B,500
09:33:26,7.66,S,200
09:33:26,7.65,S,2000
09:33:26,7.65,S,10000
09:33:27,7.65,B,100
09:33:27,7.65,B,7500
09:33:27,7.65,B,1200
09:33:27,7.65,B,300
09:33:27,7.65,B,1400
09:33:27,7.65,B,4400
09:33:27,7.65,B,700
09:33:27,7.65,B,200
09:33:27,7.65,B,200
09:33:27,7.65,B,1000
09:33:27,7.65,B,600
09:33:28,7.65,B,600
09:33:28,7.65,B,7000
09:33:28,7.64,S,100
09:33:28,7.63,S,3600
09:33:28,7.65,B,12200
09:33:28,7.65,B,400
09:33:28,7.65,B,200
09:33:28,7.66,B,4500
09:33:28,7.66,B,4000
09:33:28,7.66,B,400
09:33:28,7.68,B,1000
09:33:28,7.68,S,300
09:33:28,7.68,S,2000
09:33:29,7.68,S,100
09:33:29,7.68,S,1300
09:33:29,7.68,S,1300
09:33:29,7.68,S,600
09:33:29,7.68,S,1000
09:33:29,7.68,S,2000
09:33:29,7.68,S,300
09:33:30,7.68,S,7600
09:33:30,7.68,S,1400
09:33:31,7.68,S,200
09:33:31,7.68,S,1000
09:33:31,7.68,S,3000
09:33:31,7.68,S,3000
09:33:31,7.68,S,1000
09:33:31,7.68,S,500
09:33:31,7.68,S,3900
09:33:32,7.68,S,800
09:33:33,7.68,S,1000
09:33:33,7.68,S,2000
09:33:33,7.69,B,500
09:33:33,7.69,B,200
09:33:33,7.68,S,2500
09:33:34,7.68,S,1000
09:33:34,7.68,S,1000
09:33:34,7.68,S,1000
09:33:35,7.68,S,100
09:33:35,7.68,S,100
09:33:35,7.68,S,1500
09:33:36,7.69,B,300
09:33:36,7.69,B,200
09:33:36,7.68,S,1000
09:33:36,7.68,S,1000
09:33:37,7.68,S,1000
09:33:38,7.68,S,7700
09:33:38,7.68,S,100
09:33:38,7.68,S,1000
09:33:38,7.69,B,1800
09:33:38,7.69,B,300
09:33:38,7.69,B,5000
09:33:38,7.69,B,2000
09:33:38,7.69,B,500
09:33:38,7.69,B,3400
09:33:38,7.69,B,10000
09:33:38,7.69,B,5000
09:33:38,7.69,B,1000
09:33:38,7.69,B,400
09:33:38,7.69,B,2000
09:33:38,7.69,B,500
09:33:38,7.69,B,3000
09:33:38,7.69,B,300
09:33:38,7.69,B,1000
09:33:38,7.69,B,1800
09:33:38,7.69,B,1000
09:33:38,7.69,B,1000
09:33:38,7.69,B,6000
09:33:38,7.69,B,2000
09:33:38,7.69,B,400
09:33:38,7.69,B,2000
09:33:38,7.69,B,1000
09:33:38,7.69,B,3700
09:33:38,7.68,S,8800
09:33:39,7.69,B,500
09:33:39,7.69,B,1000
09:33:39,7.69,B,1000
09:33:39,7.69,B,700
09:33:39,7.69,B,600
09:33:39,7.69,B,2000
09:33:39,7.69,B,4200
09:33:39,7.68,S,900
09:33:39,7.68,S,300
09:33:39,7.68,S,500
09:33:39,7.68,S,1600
09:33:40,7.68,S,3000
09:33:40,7.68,S,300
09:33:40,7.68,S,10000
09:33:40,7.69,B,800
09:33:40,7.69,B,3000
09:33:40,7.69,B,200
09:33:40,7.68,S,7200
09:33:41,7.68,S,3000
09:33:41,7.68,S,300
09:33:41,7.68,S,3000
09:33:41,7.69,B,13260
09:33:41,7.69,B,3000
09:33:41,7.69,B,1000
09:33:41,7.69,B,4000
09:33:41,7.69,B,2000
09:33:41,7.69,B,3000
09:33:41,7.69,B,2000
09:33:41,7.69,B,4900
09:33:41,7.69,B,1000
09:33:41,7.69,B,1700
09:33:41,7.69,B,30000
09:33:41,7.69,B,1000
09:33:41,7.7,B,83900
09:33:41,7.7,B,1700
09:33:41,7.7,B,1700
09:33:41,7.7,B,400
09:33:41,7.7,B,5200
09:33:41,7.7,B,100
09:33:41,7.7,B,2000
09:33:41,7.7,B,600
09:33:41,7.7,B,200
09:33:41,7.7,B,500
09:33:41,7.7,B,2000
09:33:41,7.7,B,7300
09:33:41,7.7,B,100
09:33:41,7.7,B,1500
09:33:41,7.7,B,300
09:33:41,7.7,B,600
09:33:41,7.7,B,500
09:33:41,7.7,B,1000
09:33:41,7.7,B,100
09:33:41,7.7,B,6800
09:33:41,7.7,B,300
09:33:41,7.7,B,300
09:33:41,7.7,B,2000
09:33:41,7.7,B,1000
09:33:41,7.7,B,200
09:33:41,7.7,B,10000
09:33:41,7.7,B,400
09:33:41,7.7,B,1500
09:33:41,7.7,B,5400
09:33:41,7.7,B,300
09:33:41,7.7,B,300
09:33:41,7.7,B,1000
09:33:41,7.7,B,500
09:33:41,7.7,B,300
09:33:41,7.7,B,500
09:33:41,7.7,B,2000
09:33:41,7.7,B,600
09:33:41,7.7,B,4000
09:33:41,7.7,B,400
09:33:41,7.7,B,1000
09:33:41,7.7,B,2000
09:33:41,7.7,B,1000
09:33:41,7.7,B,60000
09:33:41,7.7,B,2000
09:33:41,7.7,B,1300
09:33:41,7.7,B,4000
09:33:41,7.7,B,2000
09:33:41,7.7,B,1300
09:33:41,7.7,B,3000
09:33:41,7.7,B,500
09:33:41,7.7,B,100
09:33:41,7.7,B,10000
09:33:41,7.7,B,1300
09:33:41,7.7,B,100
09:33:41,7.7,B,10000
09:33:41,7.7,B,1200
09:33:41,7.7,S,5000
09:33:42,7.7,S,1400
09:33:42,7.71,B,1300
09:33:42,7.7,S,1500
09:33:42,7.7,S,1000
09:33:42,7.7,S,4000
09:33:42,7.7,S,35000
09:33:42,7.7,S,4000
09:33:43,7.7,S,1000
09:33:43,7.7,S,5000
09:33:43,7.7,S,6900
09:33:43,7.7,S,1000
09:33:44,7.7,S,2000
09:33:44,7.7,S,400
09:33:44,7.7,S,4000
09:33:44,7.71,B,500
09:33:45,7.7,S,500
09:33:45,7.71,B,200
09:33:45,7.71,B,400
09:33:45,7.7,S,5000
09:33:46,7.7,S,1000
09:33:46,7.7,S,5300
09:33:46,7.7,S,4000
09:33:46,7.7,S,1000
09:33:46,7.7,S,1300
09:33:46,7.7,S,7000
09:33:47,7.7,S,4000
09:33:47,7.7,S,13800
09:33:47,7.7,S,1000
09:33:47,7.7,S,600
09:33:47,7.7,S,500
09:33:47,7.7,S,500
09:33:48,7.7,S,800
09:33:48,7.7,S,5000
09:33:48,7.7,S,500
09:33:48,7.7,S,2000
09:33:48,7.7,S,3000
09:33:48,7.7,S,1000
09:33:48,7.7,S,2300
09:33:48,7.7,S,1000
09:33:49,7.7,S,500
09:33:49,7.7,S,500
09:33:49,7.7,S,2000
09:33:49,7.7,S,200
09:33:49,7.7,S,2000
09:33:50,7.71,B,100
09:33:50,7.71,B,300
09:33:50,7.71,B,600
09:33:50,7.7,S,300
09:33:50,7.7,S,400
09:33:50,7.7,S,2000
09:33:51,7.7,S,1500
09:33:51,7.7,S,2000
09:33:51,7.7,S,5000
09:33:52,7.7,S,200
09:33:52,7.71,B,400
09:33:52,7.71,B,100
09:33:52,7.72,B,2600
09:33:52,7.72,B,500
09:33:52,7.7,S,1400
09:33:52,7.7,S,3000
09:33:52,7.7,S,1300
09:33:53,7.7,S,1000
09:33:53,7.7,S,3000
09:33:53,7.71,S,500
09:33:53,7.7,S,1500
09:33:53,7.7,S,800
09:33:53,7.71,S,2000
09:33:54,7.7,S,700
09:33:54,7.7,S,2000
09:33:54,7.7,S,1500
09:33:54,7.7,S,600
09:33:55,7.7,S,1000
09:33:55,7.7,S,300
09:33:55,7.71,B,500
09:33:56,7.7,S,400
09:33:56,7.7,S,5000
09:33:57,7.71,B,500
09:33:57,7.72,B,500
09:33:57,7.72,B,400
09:33:57,7.71,S,500
09:33:57,7.7,S,2500
09:33:57,7.7,S,1000
09:33:57,7.7,S,500
09:33:57,7.7,S,3000
09:33:57,7.7,S,3900
09:33:57,7.72,B,2600
09:33:57,7.72,B,600
09:33:57,7.72,B,400
09:33:57,7.72,B,4000
09:33:57,7.72,B,900
09:33:57,7.72,B,1400
09:33:57,7.72,B,200
09:33:57,7.72,B,1700
09:33:57,7.72,B,800
09:33:57,7.73,B,1000
09:33:58,7.72,S,7400
09:33:58,7.71,S,600
09:33:58,7.71,S,2000
09:33:58,7.71,S,400
09:33:58,7.7,S,3600
09:33:58,7.7,S,100
09:33:58,7.7,S,1800
09:33:58,7.72,B,100
09:33:59,7.71,S,700
09:33:59,7.7,S,300
09:33:59,7.7,S,500
09:33:59,7.7,S,900
09:33:59,7.7,S,64000
09:34:00,7.7,S,100
09:34:00,7.72,B,500
09:34:00,7.72,B,400
09:34:00,7.72,S,500
09:34:01,7.72,S,100
09:34:01,7.71,S,2000
09:34:01,7.71,S,100
09:34:01,7.71,S,500
09:34:01,7.71,B,100
09:34:01,7.71,B,1000
09:34:01,7.71,B,600
09:34:01,7.71,B,600
09:34:02,7.71,S,4000
09:34:02,7.71,S,400
09:34:02,7.71,S,300
09:34:02,7.71,S,1200
09:34:02,7.71,S,500
09:34:02,7.73,B,300
09:34:03,7.72,S,500
09:34:03,7.72,S,1000
09:34:03,7.72,S,1000
09:34:03,7.73,B,2400
09:34:03,7.73,B,600
09:34:03,7.73,B,1400
09:34:03,7.73,B,1000
09:34:03,7.73,B,2000
09:34:03,7.73,B,1000
09:34:03,7.73,B,200
09:34:03,7.73,B,1100
09:34:03,7.73,B,1000
09:34:03,7.73,B,800
09:34:03,7.74,B,1000
09:34:03,7.74,B,200
09:34:03,7.74,B,1000
09:34:03,7.75,B,3000
09:34:03,7.75,B,2000
09:34:03,7.75,B,3000
09:34:03,7.75,B,1300
09:34:03,7.75,B,2000
09:34:03,7.72,S,100
09:34:03,7.71,S,1300
09:34:03,7.71,S,300
09:34:03,7.71,S,300
09:34:04,7.71,S,1000
09:34:04,7.71,S,400
09:34:04,7.71,S,700
09:34:04,7.71,S,1200
09:34:04,7.71,S,200
09:34:04,7.7,S,4500
09:34:05,7.72,S,4000
09:34:05,7.74,B,600
09:34:05,7.72,S,100
09:34:06,7.74,B,500
09:34:06,7.73,S,100
09:34:06,7.73,S,200
09:34:06,7.73,S,1000
09:34:06,7.73,S,1000
09:34:07,7.73,S,1000
09:34:07,7.73,S,1200
09:34:07,7.73,S,300
09:34:08,7.73,S,7000
09:34:08,7.72,S,3927
09:34:08,7.72,S,500
09:34:08,7.72,S,7
09:34:09,7.74,B,1400
09:34:09,7.74,B,1300
09:34:09,7.72,S,100
09:34:09,7.72,S,1000
09:34:09,7.72,S,366
09:34:09,7.71,S,900
09:34:09,7.71,S,300
09:34:09,7.71,S,34
09:34:10,7.72,B,100
09:34:10,7.74,B,900
09:34:11,7.73,S,200
09:34:11,7.71,S,266
09:34:11,7.71,S,200
09:34:11,7.71,S,1334
09:34:11,7.71,S,666
09:34:11,7.71,S,300
09:34:11,7.71,S,534
09:34:11,7.71,S,1500
09:34:11,7.71,S,3000
09:34:11,7.71,S,3000
09:34:11,7.74,B,200
09:34:12,7.71,S,300
09:34:12,7.74,B,2700
09:34:12,7.74,B,100
09:34:13,7.74,B,4800
09:34:13,7.74,B,1200
09:34:13,7.72,S,100
09:34:13,7.72,S,100
09:34:13,7.71,S,100
09:34:14,7.71,S,600
09:34:14,7.74,B,800
09:34:14,7.75,B,1000
09:34:14,7.75,B,1400
09:34:14,7.75,B,300
09:34:14,7.75,B,300
09:34:14,7.75,B,300
09:34:14,7.75,B,400
09:34:14,7.75,B,2900
09:34:15,7.73,S,200
09:34:15,7.72,S,900
09:34:15,7.74,B,100
09:34:15,7.74,B,900
09:34:15,7.74,B,500
09:34:15,7.75,B,2100
09:34:15,7.75,B,700
09:34:15,7.75,B,300
09:34:15,7.75,B,1200
09:34:15,7.75,B,300
09:34:15,7.75,B,600
09:34:15,7.75,B,2000
09:34:15,7.75,B,1500
09:34:15,7.75,B,1300
09:34:15,7.75,B,2000
09:34:15,7.75,B,1000
09:34:17,7.75,S,5600
09:34:17,7.73,S,1000
09:34:17,7.72,S,200
09:34:18,7.74,B,10000
09:34:18,7.72,S,100
09:34:18,7.72,S,300
09:34:18,7.72,S,600
09:34:18,7.72,S,500
09:34:18,7.72,S,8300
09:34:19,7.74,B,1000
09:34:19,7.74,B,3000
09:34:19,7.74,B,600
09:34:19,7.74,B,100
09:34:19,7.73,S,500
09:34:19,7.74,B,9700
09:34:19,7.74,B,300
09:34:20,7.74,B,400
09:34:20,7.73,S,100
09:34:20,7.72,S,1000
09:34:20,7.74,B,3300
09:34:20,7.74,B,1000
09:34:20,7.74,B,1200
09:34:20,7.74,B,3500
09:34:21,7.74,B,400
09:34:21,7.72,S,200
09:34:21,7.72,S,600
09:34:21,7.74,B,100
09:34:22,7.74,B,1000
09:34:22,7.75,B,500
09:34:22,7.72,S,4000
09:34:23,7.73,B,500
09:34:24,7.72,S,600
09:34:24,7.73,B,600
09:34:24,7.73,B,900
09:34:24,7.75,B,500
09:34:24,7.75,B,100
09:34:24,7.75,B,2000
09:34:24,7.75,B,2000
09:34:24,7.75,B,4000
09:34:24,7.75,B,400
09:34:24,7.75,B,1000
09:34:24,7.75,S,1000
09:34:24,7.75,S,1000
09:34:24,7.75,S,600
09:34:24,7.75,S,200
09:34:25,7.75,S,2000
09:34:25,7.75,S,2000
09:34:25,7.75,S,2400
09:34:26,7.75,S,1000
09:34:26,7.75,S,3000
09:34:26,7.75,S,1000
09:34:26,7.75,S,200
09:34:26,7.75,S,300
09:34:26,7.75,S,1000
09:34:27,7.75,S,1000
09:34:27,7.75,S,200
09:34:27,7.76,B,4500
09:34:27,7.76,B,1700
09:34:27,7.76,B,200
09:34:27,7.76,B,100
09:34:27,7.76,B,1000
09:34:27,7.76,B,300
09:34:27,7.76,B,300
09:34:27,7.76,B,1900
09:34:27,7.76,B,400
09:34:27,7.75,S,300
09:34:27,7.76,B,200
09:34:28,7.75,S,1900
09:34:28,7.75,S,200
09:34:28,7.75,S,100
09:34:28,7.75,S,100
09:34:28,7.75,B,100
09:34:28,7.75,B,600
09:34:28,7.75,B,400
09:34:28,7.74,S,1000
09:34:28,7.75,B,500
09:34:28,7.75,B,1000
09:34:28,7.75,B,500
09:34:28,7.75,S,7000
09:34:29,7.74,S,300
09:34:29,7.74,S,500
09:34:29,7.74,S,100
09:34:29,7.74,S,100
09:34:29,7.74,S,900
09:34:29,7.74,S,2000
09:34:29,7.74,B,400
09:34:29,7.73,S,500
09:34:29,7.72,S,2300
09:34:29,7.72,S,2000
09:34:29,7.72,S,200
09:34:30,7.74,B,4200
09:34:30,7.74,B,700
09:34:30,7.74,B,100
09:34:30,7.74,B,200
09:34:31,7.72,S,1700
09:34:31,7.74,B,1200
09:34:31,7.74,B,2500
09:34:31,7.74,B,1300
09:34:31,7.74,B,500
09:34:31,7.72,S,100
09:34:31,7.72,S,400
09:34:32,7.73,B,100
09:34:32,7.73,B,800
09:34:32,7.72,S,600
09:34:32,7.72,S,1000
09:34:32,7.72,S,800
09:34:32,7.72,S,100
09:34:32,7.73,B,100
09:34:32,7.73,B,300
09:34:32,7.74,B,200
09:34:32,7.74,S,2000
09:34:32,7.74,S,8800
09:34:32,7.74,S,1000
09:34:32,7.73,B,300
09:34:33,7.73,B,9500
09:34:33,7.72,S,2000
09:34:33,7.73,B,300
09:34:33,7.73,B,200
09:34:33,7.73,B,1000
09:34:33,7.72,S,100
09:34:34,7.72,S,300
09:34:34,7.72,S,100
09:34:34,7.73,B,2000
09:34:34,7.73,B,5500
09:34:34,7.74,B,2000
09:34:34,7.75,B,22500
09:34:35,7.74,S,100
09:34:35,7.72,S,1000
09:34:35,7.72,S,3000
09:34:35,7.75,B,2300
09:34:35,7.75,B,300
09:34:35,7.75,B,200
09:34:35,7.75,B,200
09:34:35,7.75,B,300
09:34:35,7.75,B,400
09:34:35,7.72,S,100
09:34:35,7.75,B,800
09:34:36,7.72,S,2000
09:34:36,7.75,B,10000
09:34:36,7.73,B,200
09:34:37,7.72,S,300
09:34:37,7.73,B,800
09:34:37,7.74,B,1200
09:34:37,7.74,B,2000
09:34:37,7.74,B,900
09:34:37,7.74,B,200
09:34:37,7.75,B,300
09:34:38,7.74,B,200
09:34:38,7.74,B,200
09:34:38,7.74,B,100
09:34:38,7.74,B,1400
09:34:38,7.74,B,1000
09:34:38,7.75,B,200
09:34:38,7.75,B,500
09:34:38,7.75,B,300
09:34:38,7.75,B,23600
09:34:39,7.74,S,200
09:34:39,7.74,S,100
09:34:39,7.74,S,100
09:34:39,7.72,S,3100
09:34:39,7.74,B,300
09:34:39,7.72,S,4000
09:34:39,7.72,S,200
09:34:39,7.74,B,2000
09:34:39,7.74,B,16000
09:34:39,7.74,B,200
09:34:39,7.74,B,100
09:34:40,7.74,B,300
09:34:40,7.74,B,1400
09:34:40,7.72,S,200
09:34:40,7.74,B,100
09:34:40,7.74,B,100
09:34:41,7.73,S,1000
09:34:41,7.72,S,1400
09:34:41,7.74,B,1500
09:34:41,7.74,B,3200
09:34:41,7.74,B,100
09:34:41,7.74,B,100
09:34:41,7.72,S,4600
09:34:41,7.72,S,400
09:34:41,7.73,B,100
09:34:41,7.73,B,900
09:34:41,7.74,B,2500
09:34:41,7.72,S,100
09:34:41,7.72,S,300
09:34:41,7.73,B,2000
09:34:42,7.73,B,500
09:34:42,7.73,B,400
09:34:42,7.74,B,1500
09:34:42,7.74,B,1000
09:34:42,7.74,B,500
09:34:42,7.74,B,500
09:34:42,7.74,B,100
09:34:42,7.74,B,2000
09:34:42,7.74,B,1600
09:34:43,7.74,B,100
09:34:43,7.74,B,100
09:34:43,7.74,B,3000
09:34:43,7.74,B,1000
09:34:43,7.74,B,300
09:34:43,7.74,B,2000
09:34:43,7.74,B,500
09:34:44,7.72,S,3000
09:34:44,7.74,B,200
09:34:44,7.74,B,5100
09:34:44,7.74,B,1000
09:34:44,7.74,B,100
09:34:44,7.74,B,500
09:34:44,7.74,B,600
09:34:44,7.74,B,500
09:34:44,7.74,B,1000
09:34:44,7.74,B,1500
09:34:44,7.74,B,500
09:34:45,7.72,S,100
09:34:45,7.73,B,1000
09:34:45,7.72,S,2000
09:34:45,7.73,B,100
09:34:45,7.73,B,3000
09:34:45,7.73,B,800
09:34:45,7.73,B,3000
09:34:46,7.73,B,500
09:34:46,7.73,B,1000
09:34:46,7.73,B,600
09:34:46,7.74,B,500
09:34:46,7.74,B,1000
09:34:46,7.74,B,3500
09:34:46,7.74,B,1000
09:34:46,7.74,B,1000
09:34:47,7.74,B,1000
09:34:47,7.73,S,400
09:34:47,7.72,S,7900
09:34:47,7.74,B,8500
09:34:47,7.74,B,1200
09:34:47,7.74,B,1000
09:34:47,7.74,B,500
09:34:47,7.75,B,13900
09:34:47,7.75,B,800
09:34:47,7.75,B,10000
09:34:47,7.75,B,1000
09:34:47,7.75,B,3000
09:34:47,7.75,B,3700
09:34:47,7.75,B,1000
09:34:47,7.75,B,500
09:34:47,7.75,B,4900
09:34:47,7.75,B,400
09:34:47,7.75,B,100
09:34:48,7.75,B,1000
09:34:48,7.75,B,200
09:34:48,7.74,S,200
09:34:48,7.72,S,1000
09:34:48,7.74,B,800
09:34:48,7.75,B,100
09:34:48,7.74,S,200
09:34:49,7.74,B,100
09:34:50,7.73,B,400
09:34:50,7.74,B,500
09:34:50,7.74,B,200
09:34:50,7.75,B,3300
09:34:50,7.75,B,200
09:34:50,7.75,B,1000
09:34:50,7.75,B,500
09:34:50,7.75,B,1000
09:34:50,7.75,B,1000
09:34:50,7.75,B,6500
09:34:50,7.75,B,1400
09:34:50,7.75,B,100
09:34:50,7.75,B,200
09:34:50,7.74,S,100
09:34:50,7.74,B,900
09:34:50,7.74,B,5400
09:34:50,7.74,B,100
09:34:50,7.74,B,2000
09:34:51,7.74,B,700
09:34:51,7.74,B,700
09:34:51,7.72,S,2000
09:34:51,7.74,B,200
09:34:52,7.74,B,300
09:34:52,7.74,B,100
09:34:52,7.74,B,500
09:34:52,7.74,B,100
09:34:52,7.74,B,200
09:34:52,7.73,S,3000
09:34:53,7.74,B,500
09:34:53,7.74,B,1300
09:34:53,7.74,B,5000
09:34:53,7.74,B,1000
09:34:53,7.74,B,1000
09:34:53,7.74,B,1000
09:34:53,7.74,B,700
09:34:53,7.73,S,3200
09:34:53,7.73,S,1800
09:34:53,7.72,S,4700
09:34:53,7.72,S,2200
09:34:53,7.72,S,2800
09:34:54,7.74,B,870
09:34:54,7.74,B,630
09:34:54,7.74,B,370
09:34:54,7.74,B,5000
09:34:54,7.74,B,700
09:34:54,7.74,B,3930
09:34:54,7.74,B,70
09:34:54,7.74,S,230
09:34:54,7.73,S,1000
09:34:54,7.74,B,1300
09:34:54,7.74,B,200
09:34:55,7.73,S,200
09:34:55,7.74,B,1000
09:34:55,7.73,S,600
09:34:55,7.72,S,1000
09:34:55,7.72,S,500
09:34:55,7.72,S,3000
09:34:55,7.72,S,1600
09:34:55,7.72,S,300
09:34:55,7.72,S,2900
09:34:55,7.74,B,3000
09:34:56,7.74,B,1000
09:34:56,7.73,S,100
09:34:56,7.72,S,900
09:34:56,7.73,S,200
09:34:56,7.72,S,200
09:34:56,7.72,S,500
09:34:56,7.72,S,100
09:34:56,7.72,S,500
09:34:56,7.72,S,100
09:34:56,7.72,S,300
09:34:56,7.72,S,2600
09:34:56,7.72,S,9000
09:34:56,7.72,S,2000
09:34:56,7.72,S,20000
09:34:56,7.72,S,1000
09:34:56,7.72,S,200
09:34:56,7.72,S,2400
09:34:56,7.72,S,1000
09:34:56,7.72,S,500
09:34:56,7.72,S,1200
09:34:56,7.72,S,900
09:34:56,7.72,S,200
09:34:56,7.72,S,12932
09:34:56,7.74,B,100
09:34:56,7.74,B,1000
09:34:56,7.72,S,1000
09:34:56,7.74,B,3000
09:34:57,7.73,S,400
09:34:57,7.72,S,1768
09:34:57,7.72,S,100
09:34:57,7.72,S,24600
09:34:57,7.72,S,1300
09:34:57,7.72,S,4800
09:34:57,7.72,S,2000
09:34:57,7.72,S,1000
09:34:57,7.72,S,1000
09:34:57,7.72,S,2300
09:34:57,7.72,S,4000
09:34:57,7.72,S,100
09:34:57,7.72,S,500
09:34:57,7.72,S,500
09:34:57,7.72,S,2000
09:34:57,7.71,S,966
09:34:57,7.71,S,100
09:34:57,7.71,S,100
09:34:57,7.71,S,1000
09:34:57,7.71,S,3300
09:34:57,7.71,S,300
09:34:57,7.71,S,200
09:34:57,7.71,S,600
09:34:57,7.71,S,2000
09:34:57,7.71,S,6000
09:34:57,7.71,S,5000
09:34:57,7.71,S,800
09:34:57,7.71,S,1100
09:34:57,7.71,S,500
09:34:57,7.71,S,900
09:34:57,7.71,S,2000
09:34:57,7.71,S,200
09:34:57,7.71,S,500
09:34:57,7.71,S,2000
09:34:57,7.71,S,1000
09:34:57,7.71,S,1000
09:34:57,7.71,S,2000
09:34:57,7.71,S,200
09:34:57,7.71,S,100
09:34:57,7.71,S,20000
09:34:57,7.71,S,2000
09:34:57,7.71,S,2000
09:34:57,7.71,S,32766
09:34:58,7.72,S,200
09:34:58,7.73,B,800
09:34:58,7.73,B,100
09:34:58,7.73,B,300
09:34:58,7.73,B,500
09:34:58,7.72,S,500
09:34:58,7.72,S,1300
09:34:58,7.72,S,200
09:34:58,7.72,S,1000
09:34:58,7.73,B,1000
09:34:59,7.73,B,3300
09:34:59,7.74,B,4170
09:34:59,7.74,B,2530
09:34:59,7.74,B,200
09:34:59,7.74,B,100
09:34:59,7.73,S,900
09:34:59,7.72,S,900
09:34:59,7.74,B,170
09:34:59,7.74,B,500
09:34:59,7.74,B,330
09:34:59,7.74,B,300
09:35:00,7.72,S,600
09:35:00,7.72,S,2400
09:35:00,7.74,B,370
09:35:00,7.74,B,130
09:35:00,7.74,B,770
09:35:00,7.74,B,230
09:35:00,7.73,S,500
09:35:00,7.72,S,400
09:35:00,7.74,B,500
09:35:00,7.72,S,2200
09:35:00,7.72,S,1800
09:35:00,7.72,S,1000
09:35:00,7.73,B,500
09:35:00,7.74,B,770
09:35:00,7.74,B,300
09:35:00,7.74,B,1000
09:35:00,7.74,B,330
09:35:00,7.73,S,1900
09:35:00,7.73,S,700
09:35:00,7.73,S,200
09:35:01,7.74,B,1500
09:35:01,7.74,B,500
09:35:01,7.73,S,2700
09:35:01,7.73,S,200
09:35:01,7.72,S,100
09:35:01,7.74,B,870
09:35:01,7.74,B,1400
09:35:01,7.74,B,1000
09:35:01,7.74,B,100
09:35:01,7.74,B,1030
09:35:01,7.74,B,200
09:35:01,7.74,B,2000
09:35:01,7.74,B,770
09:35:01,7.74,B,1000
09:35:01,7.74,B,1300
09:35:01,7.74,B,1630
09:35:01,7.72,S,500
09:35:01,7.74,B,200
09:35:01,7.74,B,3000
09:35:01,7.74,B,500
09:35:01,7.73,B,300
09:35:02,7.73,B,400
09:35:02,7.73,B,900
09:35:03,7.73,B,400
09:35:03,7.73,B,1700
09:35:03,7.74,B,670
09:35:03,7.74,B,2000
09:35:03,7.74,B,230
09:35:03,7.72,S,1400
09:35:03,7.72,S,600
09:35:03,7.74,B,270
09:35:03,7.74,B,400
09:35:03,7.74,B,330
09:35:04,7.74,B,100
09:35:04,7.74,B,4570
09:35:04,7.74,B,330
09:35:04,7.74,B,3000
09:35:04,7.74,B,200
09:35:05,7.73,S,1000
09:35:05,7.74,B,1000
09:35:05,7.74,B,100
09:35:05,7.74,B,370
09:35:05,7.74,B,300
09:35:05,7.74,B,600
09:35:05,7.74,B,1500
09:35:05,7.74,B,1500
09:35:05,7.74,B,730
09:35:05,7.73,S,100
09:35:05,7.73,S,700
09:35:05,7.73,S,1300
09:35:05,7.73,S,100
09:35:05,7.73,S,1000
09:35:05,7.73,S,1000
09:35:05,7.72,S,1300
09:35:05,7.72,S,1500
09:35:05,7.72,S,4000
09:35:05,7.72,S,1300
09:35:05,7.72,S,600
09:35:05,7.72,B,100
09:35:06,7.72,B,400
09:35:06,7.72,B,1000
09:35:06,7.74,B,1270
09:35:06,7.74,B,100
09:35:06,7.74,S,3300
09:35:06,7.74,S,15330
09:35:06,7.74,S,500
09:35:06,7.74,B,200
09:35:06,7.73,S,100
09:35:06,7.73,S,900
09:35:07,7.73,S,400
09:35:07,7.74,B,300
09:35:07,7.74,B,1000
09:35:07,7.74,B,500
09:35:07,7.74,B,800
09:35:07,7.74,B,1370
09:35:07,7.74,B,630
09:35:07,7.74,B,2000
09:35:08,7.73,S,5400
09:35:08,7.73,S,2400
09:35:08,7.73,S,600
09:35:08,7.74,B,1200
09:35:08,7.73,S,400
09:35:08,7.73,S,200
09:35:08,7.73,S,400
09:35:08,7.74,B,200
09:35:08,7.73,S,2800
09:35:08,7.73,S,500
09:35:08,7.74,B,2000
09:35:08,7.74,B,500
09:35:08,7.73,S,300
09:35:08,7.73,S,400
09:35:08,7.73,S,100
09:35:09,7.73,B,100
09:35:09,7.73,B,100
09:35:09,7.73,B,600
09:35:09,7.73,B,1000
09:35:09,7.73,B,100
09:35:09,7.72,S,500
09:35:09,7.72,S,500
09:35:09,7.72,S,2000
09:35:09,7.74,B,3470
09:35:09,7.74,B,330
09:35:09,7.72,S,200
09:35:09,7.73,S,1200
09:35:10,7.74,B,670
09:35:10,7.74,B,130
09:35:10,7.74,B,1500
09:35:10,7.73,S,3000
09:35:10,7.74,B,100
09:35:11,7.73,S,900
09:35:11,7.73,S,1100
09:35:11,7.74,B,270
09:35:11,7.74,B,1000
09:35:11,7.74,B,30
09:35:11,7.73,S,500
09:35:11,7.73,S,2300
09:35:11,7.73,S,800
09:35:11,7.73,S,300
09:35:11,7.73,S,200
09:35:11,7.74,B,770
09:35:11,7.74,B,3230
09:35:11,7.73,S,1500
09:35:11,7.73,S,500
09:35:11,7.72,S,2800
09:35:11,7.72,S,1000
09:35:11,7.72,S,500
09:35:11,7.72,S,11200
09:35:11,7.73,B,500
09:35:12,7.73,S,1400
09:35:12,7.73,S,1500
09:35:12,7.72,S,500
09:35:12,7.72,S,2500
09:35:12,7.73,B,800
09:35:12,7.73,B,300
09:35:12,7.74,B,100
09:35:12,7.73,B,600
09:35:12,7.74,B,1670
09:35:12,7.74,B,730
09:35:12,7.73,S,100
09:35:12,7.73,S,700
09:35:12,7.72,S,700
09:35:13,7.72,S,2000
09:35:13,7.73,B,100
09:35:13,7.73,B,900
09:35:13,7.73,B,500
09:35:13,7.74,B,1500
09:35:13,7.74,B,500
09:35:13,7.73,S,500
09:35:13,7.73,S,400
09:35:13,7.72,S,2400
09:35:14,7.72,S,300
09:35:14,7.74,B,500
09:35:14,7.74,B,2000
09:35:14,7.73,S,900
09:35:14,7.73,S,200
09:35:14,7.72,S,900
09:35:14,7.72,S,3500
09:35:15,7.73,B,200
09:35:15,7.73,B,1800
09:35:15,7.73,B,1000
09:35:15,7.74,B,1670
09:35:15,7.74,B,400
09:35:15,7.74,B,1130
09:35:15,7.74,B,2870
09:35:15,7.74,B,1130
09:35:16,7.72,S,500
09:35:16,7.73,B,1500
09:35:16,7.73,B,2000
09:35:17,7.73,B,100
09:35:17,7.72,S,1000
09:35:17,7.72,S,600
09:35:17,7.72,S,500
09:35:17,7.73,B,1400
09:35:17,7.73,B,1000
09:35:17,7.73,B,200
09:35:17,7.74,B,1070
09:35:17,7.74,B,1000
09:35:17,7.74,B,600
09:35:17,7.74,B,1000
09:35:17,7.74,B,500
09:35:17,7.74,B,1400
09:35:17,7.74,B,1000
09:35:17,7.74,B,830
09:35:17,7.73,S,1200
09:35:17,7.72,S,900
09:35:17,7.74,B,200
09:35:18,7.74,B,200
09:35:18,7.74,B,770
09:35:18,7.74,B,30
09:35:18,7.73,S,100
09:35:18,7.73,S,500
09:35:18,7.72,S,500
09:35:18,7.74,B,470
09:35:18,7.74,B,1530
09:35:19,7.72,S,500
09:35:19,7.72,S,4500
09:35:19,7.73,B,2400
09:35:19,7.73,B,500
09:35:19,7.73,B,1100
09:35:19,7.74,B,1500
09:35:19,7.74,B,870
09:35:19,7.74,B,6830
09:35:19,7.74,B,1300
09:35:19,7.74,B,400
09:35:19,7.72,S,2000
09:35:19,7.74,B,100
09:35:19,7.74,B,11600
09:35:19,7.74,B,1000
09:35:20,7.72,S,400
09:35:21,7.73,B,1000
09:35:21,7.73,B,1000
09:35:21,7.74,B,5000
09:35:21,7.72,S,3100
09:35:21,7.72,S,500
09:35:21,7.72,S,3000
09:35:21,7.72,S,1000
09:35:21,7.72,S,5000
09:35:21,7.72,S,600
09:35:21,7.74,B,300
09:35:21,7.73,B,400
09:35:22,7.73,B,200
09:35:22,7.73,B,700
09:35:22,7.74,B,1300
09:35:22,7.72,S,100
09:35:22,7.72,S,500
09:35:22,7.72,S,300
09:35:22,7.72,S,1000
09:35:22,7.72,S,1000
09:35:22,7.72,S,900
09:35:22,7.73,B,100
09:35:22,7.73,B,100
09:35:22,7.73,B,200
09:35:22,7.73,B,100
09:35:22,7.74,B,100
09:35:23,7.74,B,100
09:35:23,7.72,S,100
09:35:23,7.72,S,100
09:35:23,7.72,S,100
09:35:23,7.72,S,500
09:35:23,7.72,B,400
09:35:23,7.72,S,500
09:35:23,7.72,S,100
09:35:24,7.71,S,800
09:35:24,7.71,S,1500
09:35:24,7.72,B,400
09:35:24,7.72,B,400
09:35:24,7.72,B,200
09:35:25,7.72,B,200
09:35:25,7.72,B,100
09:35:25,7.72,B,300
09:35:25,7.72,B,100
09:35:25,7.72,B,200
09:35:25,7.72,B,500
09:35:25,7.72,B,100
09:35:26,7.71,S,1000
09:35:26,7.72,B,100
09:35:26,7.72,B,2000
09:35:27,7.72,B,100
09:35:27,7.72,B,500
09:35:27,7.72,B,700
09:35:28,7.72,B,1300
09:35:28,7.72,B,400
09:35:28,7.72,B,300
09:35:28,7.72,B,900
09:35:28,7.72,B,100
09:35:28,7.72,B,1900
09:35:28,7.72,B,2000
09:35:28,7.72,B,3000
09:35:28,7.72,B,3100
09:35:28,7.72,B,1200
09:35:28,7.71,S,1800
09:35:28,7.72,B,1000
09:35:29,7.72,B,400
09:35:29,7.71,S,5000
09:35:29,7.72,B,100
09:35:29,7.72,B,200
09:35:29,7.71,S,22034
09:35:29,7.71,S,12600
09:35:29,7.71,S,1600
09:35:29,7.71,S,1000
09:35:29,7.71,S,2766
09:35:30,7.72,B,100
09:35:30,7.72,B,3600
09:35:30,7.72,B,500
09:35:30,7.73,B,1600
09:35:30,7.72,B,1000
09:35:30,7.72,B,1500
09:35:30,7.72,B,300
09:35:30,7.72,B,400
09:35:31,7.72,B,100
09:35:31,7.72,B,200
09:35:31,7.71,S,17234
09:35:31,7.71,S,1600
09:35:31,7.71,S,400
09:35:31,7.71,S,700
09:35:31,7.71,S,3000
09:35:31,7.71,S,400
09:35:31,7.71,S,300
09:35:31,7.71,S,200
09:35:31,7.71,S,100
09:35:31,7.71,S,2000
09:35:31,7.7,S,41566
09:35:31,7.72,B,500
09:35:31,7.72,B,2000
09:35:31,7.72,B,700
09:35:31,7.72,B,300
09:35:31,7.72,B,1300
09:35:31,7.72,B,200
09:35:31,7.72,B,10000
09:35:31,7.72,B,1000
09:35:31,7.73,B,3400
09:35:31,7.73,B,5600
09:35:31,7.73,B,2000
09:35:31,7.73,B,2900
09:35:31,7.72,B,900
09:35:31,7.7,S,1000
09:35:32,7.72,B,100
09:35:32,7.7,S,3300
09:35:32,7.72,B,200
09:35:32,7.72,B,100
09:35:33,7.71,S,1000
09:35:33,7.71,S,1000
09:35:33,7.72,B,5500
09:35:33,7.72,B,400
09:35:33,7.72,B,100
09:35:33,7.7,S,600
09:35:33,7.7,S,700
09:35:34,7.72,B,400
09:35:34,7.72,B,2300
09:35:34,7.72,B,2000
09:35:34,7.72,B,800
09:35:34,7.72,B,1500
09:35:34,7.72,B,500
09:35:34,7.72,B,300
09:35:34,7.72,B,5000
09:35:34,7.72,B,1100
09:35:34,7.72,B,2000
09:35:34,7.72,B,300
09:35:34,7.72,B,100
09:35:34,7.72,B,400
09:35:35,7.72,B,4000
09:35:35,7.72,B,500
09:35:35,7.7,S,200
09:35:35,7.72,B,100
09:35:35,7.72,B,3600
09:35:35,7.72,B,7900
09:35:35,7.72,B,300
09:35:35,7.72,B,4200
09:35:35,7.72,B,800
09:35:35,7.72,B,3500
09:35:35,7.72,B,2900
09:35:35,7.72,B,2100
09:35:35,7.72,B,800
09:35:35,7.7,S,20000
09:35:36,7.71,B,100
09:35:36,7.71,B,3000
09:35:36,7.71,B,2000
09:35:36,7.7,S,200
09:35:37,7.71,B,700
09:35:37,7.71,B,100
09:35:37,7.71,B,200
09:35:38,7.71,B,2000
09:35:38,7.7,S,1000
09:35:38,7.7,S,40300
09:35:38,7.7,S,2000
09:35:38,7.7,S,1300
09:35:39,7.7,S,600
09:35:40,7.71,B,100
09:35:40,7.7,S,2000
09:35:40,7.7,S,2000
09:35:40,7.7,S,1600
09:35:40,7.7,S,1500
09:35:41,7.7,S,400
09:35:41,7.7,S,10000
09:35:41,7.7,S,200
09:35:42,7.7,S,500
09:35:42,7.71,B,500
09:35:42,7.71,B,200
09:35:42,7.71,B,400
09:35:43,7.71,B,100
09:35:43,7.7,S,25600
09:35:43,7.7,S,6500
09:35:43,7.71,B,500
09:35:43,7.71,B,100
09:35:43,7.7,S,1000
09:35:43,7.7,S,1000
09:35:43,7.7,S,100
09:35:43,7.7,S,1000
09:35:43,7.7,S,1000
09:35:44,7.7,S,2000
09:35:44,7.7,S,1000
09:35:44,7.71,B,700
09:35:44,7.7,S,1000
09:35:44,7.7,S,2000
09:35:44,7.71,B,500
09:35:44,7.7,S,100
09:35:45,7.71,B,100
09:35:45,7.7,S,1000
09:35:45,7.71,B,2000
09:35:45,7.7,S,5000
09:35:45,7.7,S,10011
09:35:45,7.7,S,20000
09:35:45,7.7,S,800
09:35:45,7.7,S,5000
09:35:45,7.71,B,300
09:35:46,7.7,S,2000
09:35:46,7.7,S,300
09:35:46,7.7,S,1000
09:35:46,7.7,S,5000
09:35:46,7.7,S,300
09:35:46,7.7,S,1000
09:35:46,7.71,B,200
09:35:46,7.7,S,4800
09:35:47,7.7,S,4300
09:35:47,7.7,S,500
09:35:47,7.71,B,1400
09:35:47,7.7,S,5000
09:35:47,7.7,S,3000
09:35:47,7.7,S,800
09:35:47,7.7,S,1400
09:35:47,7.71,B,200
09:35:48,7.7,S,11500
09:35:48,7.7,S,1000
09:35:48,7.7,S,31700
09:35:48,7.7,S,6600
09:35:48,7.7,S,1000
09:35:48,7.71,B,100
09:35:48,7.7,S,3600
09:35:49,7.7,S,200
09:35:49,7.7,S,3100
09:35:49,7.7,S,1500
09:35:49,7.71,B,1000
09:35:50,7.71,B,200
09:35:50,7.71,B,1000
09:35:50,7.7,S,300
09:35:50,7.7,S,2600
09:35:50,7.7,S,15200
09:35:50,7.7,S,10000
09:35:50,7.7,S,3100
09:35:50,7.7,S,4800
09:35:50,7.7,S,1000
09:35:50,7.7,S,12000
09:35:51,7.71,B,200
09:35:51,7.7,S,5000
09:35:51,7.7,S,1000
09:35:51,7.71,B,400
09:35:51,7.7,S,600
09:35:51,7.7,S,1000
09:35:51,7.71,B,1000
09:35:51,7.71,B,400
09:35:51,7.7,S,5000
09:35:51,7.7,S,2000
09:35:52,7.71,B,5000
09:35:52,7.7,S,700
09:35:52,7.71,B,5000
09:35:52,7.7,S,1900
09:35:52,7.7,S,6316
09:35:52,7.71,B,300
09:35:52,7.71,B,100
09:35:52,7.7,S,1000
09:35:52,7.71,B,500
09:35:52,7.71,B,600
09:35:52,7.71,B,200
09:35:52,7.7,S,10000
09:35:53,7.71,B,100
09:35:53,7.71,B,2200
09:35:53,7.7,S,300
09:35:53,7.7,S,1700
09:35:54,7.71,B,800
09:35:54,7.71,B,1200
09:35:54,7.7,S,2400
09:35:54,7.71,B,800
09:35:54,7.71,B,100
09:35:54,7.71,B,400
09:35:54,7.7,S,500
09:35:54,7.71,B,1500
09:35:54,7.7,S,500
09:35:54,7.7,S,1000
09:35:54,7.7,S,100
09:35:54,7.7,S,7100
09:35:54,7.7,S,10000
09:35:54,7.7,S,300
09:35:54,7.7,S,700
09:35:55,7.7,S,2000
09:35:55,7.7,S,1900
09:35:55,7.7,S,1100
09:35:55,7.7,S,1600
09:35:55,7.7,S,2000
09:35:55,7.7,S,800
09:35:55,7.71,B,100
09:35:55,7.71,B,100
09:35:55,7.7,S,2547
09:35:55,7.7,S,4453
09:35:55,7.7,S,500
09:35:55,7.7,S,2000
09:35:55,7.7,S,300
09:35:55,7.7,S,5400
09:35:56,7.7,S,17347
09:35:56,7.7,S,2653
09:35:56,7.7,S,2347
09:35:56,7.7,S,653
09:35:56,7.7,S,1347
09:35:56,7.7,S,1000
09:35:56,7.7,S,653
09:35:56,7.7,S,1347
09:35:56,7.7,S,4853
09:35:56,7.7,S,3600
09:35:56,7.71,B,100
09:35:56,7.71,B,2000
09:35:56,7.7,S,547
09:35:56,7.7,S,253
09:35:56,7.7,S,100
09:35:56,7.7,S,1647
09:35:56,7.7,S,453
09:35:56,7.71,B,200
09:35:56,7.7,S,1100
09:35:56,7.71,B,600
09:35:56,7.71,B,3000
09:35:56,7.71,B,6400
09:35:56,7.7,S,8447
09:35:56,7.7,S,400
09:35:56,7.7,S,1000
09:35:56,7.7,S,1700
09:35:56,7.7,S,3000
09:35:56,7.7,S,100
09:35:56,7.7,S,1800
09:35:56,7.7,S,500
09:35:56,7.7,S,2600
09:35:56,7.7,S,300
09:35:56,7.7,S,300
09:35:56,7.7,S,1000
09:35:56,7.7,S,1000
09:35:56,7.7,S,7000
09:35:56,7.7,S,100
09:35:56,7.7,S,2000
09:35:56,7.7,S,100
09:35:56,7.7,S,2000
09:35:56,7.7,S,100
09:35:56,7.7,S,1000
09:35:56,7.7,S,200
09:35:56,7.7,S,1000
09:35:56,7.7,S,900
09:35:56,7.7,S,100
09:35:56,7.7,S,200
09:35:56,7.7,S,100
09:35:56,7.7,S,1800
09:35:56,7.7,S,1253
09:35:56,7.7,S,747
09:35:56,7.7,S,1253
09:35:56,7.7,S,647
09:35:56,7.7,S,200
09:35:56,7.7,S,453
09:35:56,7.7,S,47
09:35:56,7.7,S,3000
09:35:56,7.7,S,500
09:35:56,7.7,S,453
09:35:56,7.7,S,4547
09:35:56,7.7,S,453
09:35:56,7.71,B,100
09:35:57,7.71,B,1100
09:35:57,7.7,S,547
09:35:57,7.7,S,1000
09:35:57,7.7,S,3000
09:35:57,7.7,S,400
09:35:57,7.7,S,2000
09:35:57,7.7,S,300
09:35:57,7.7,S,1000
09:35:57,7.7,S,600
09:35:57,7.7,S,500
09:35:57,7.7,S,600
09:35:57,7.7,S,500
09:35:57,7.7,S,1000
09:35:57,7.7,S,400
09:35:57,7.7,S,500
09:35:57,7.7,S,300
09:35:57,7.7,S,683
09:35:57,7.7,S,400
09:35:57,7.7,S,17
09:35:57,7.7,S,2100
09:35:57,7.7,S,1883
09:35:57,7.7,S,117
09:35:57,7.7,S,500
09:35:57,7.7,S,83
09:35:57,7.7,S,917
09:35:57,7.7,S,600
09:35:57,7.7,S,483
09:35:57,7.7,S,100
09:35:57,7.7,S,417
09:35:57,7.7,S,200
09:35:57,7.7,S,1000
09:35:57,7.7,S,300
09:35:57,7.7,S,83
09:35:57,7.7,S,917
09:35:57,7.7,S,83
09:35:57,7.7,S,800
09:35:57,7.7,S,117
09:35:57,7.7,S,200
09:35:57,7.7,B,200
09:35:58,7.7,B,100
09:35:58,7.7,B,3400
09:35:58,7.7,B,200
09:35:58,7.7,B,1000
09:35:59,7.69,S,300
09:35:59,7.69,S,2000
09:35:59,7.69,S,1500
09:35:59,7.69,S,1000
09:35:59,7.69,S,300
09:35:59,7.69,S,4900
09:35:59,7.7,B,600
09:35:59,7.7,B,1000
09:35:59,7.7,B,1500
09:36:00,7.69,S,1000
09:36:00,7.69,S,14100
09:36:00,7.69,S,5000
09:36:00,7.69,S,900
09:36:01,7.69,S,1700
09:36:01,7.69,S,300
09:36:01,7.69,S,100
09:36:01,7.69,S,200
09:36:01,7.69,S,1200
09:36:01,7.69,S,600
09:36:01,7.69,S,5900
09:36:01,7.7,B,1000
09:36:01,7.7,B,200
09:36:01,7.69,S,13300
09:36:02,7.7,B,300
09:36:02,7.7,B,400
09:36:02,7.7,B,1200
09:36:02,7.7,B,700
09:36:02,7.7,B,1000
09:36:03,7.69,S,800
09:36:03,7.69,S,200
09:36:03,7.69,S,6300
09:36:03,7.69,S,4600
09:36:03,7.69,B,1000
09:36:03,7.69,B,200
09:36:04,7.69,B,300
09:36:04,7.69,B,200
09:36:04,7.69,B,2700
09:36:04,7.69,B,2000
09:36:04,7.69,B,400
09:36:05,7.68,S,3100
09:36:05,7.69,B,100
09:36:06,7.69,B,1000
09:36:06,7.68,S,6000
09:36:06,7.68,S,3000
09:36:06,7.69,B,600
09:36:06,7.69,B,400
09:36:06,7.69,B,5000
09:36:07,7.69,B,1000
09:36:07,7.69,B,700
09:36:07,7.68,S,1100
09:36:07,7.68,S,100
09:36:07,7.68,S,900
09:36:07,7.68,S,600
09:36:07,7.68,S,100
09:36:07,7.68,S,300
09:36:07,7.68,S,1100
09:36:07,7.68,S,1000
09:36:07,7.68,S,200
09:36:07,7.68,S,5000
09:36:07,7.68,S,5000
09:36:07,7.68,S,300
09:36:07,7.68,S,500
09:36:07,7.68,S,3200
09:36:07,7.68,S,100
09:36:09,7.69,B,300
09:36:09,7.69,B,200
09:36:09,7.69,B,1000
09:36:10,7.68,S,2000
09:36:10,7.69,B,5000
09:36:10,7.69,B,1900
09:36:11,7.69,B,2000
09:36:11,7.69,B,300
09:36:11,7.69,B,2600
09:36:11,7.69,B,400
09:36:11,7.69,B,100
09:36:12,7.69,B,1500
09:36:12,7.69,B,300
09:36:12,7.68,S,2000
09:36:13,7.68,S,4300
09:36:13,7.69,B,900
09:36:13,7.69,B,500
09:36:13,7.68,S,200
09:36:14,7.69,B,100
09:36:14,7.68,S,6000
09:36:14,7.69,B,1200
09:36:14,7.68,S,2200
09:36:15,7.68,S,300
09:36:15,7.69,B,100
09:36:15,7.69,B,500
09:36:15,7.69,B,1000
09:36:15,7.68,S,300
09:36:15,7.68,S,300
09:36:15,7.69,B,1700
09:36:15,7.68,S,100
09:36:16,7.68,S,1000
09:36:16,7.68,S,2000
09:36:17,7.68,S,6600
09:36:17,7.68,S,500
09:36:17,7.68,S,1000
09:36:17,7.68,S,500
09:36:17,7.68,S,2700
09:36:17,7.68,S,1500
09:36:17,7.68,S,1000
09:36:17,7.68,S,500
09:36:17,7.68,S,500
09:36:17,7.68,S,200
09:36:17,7.68,S,6700
09:36:17,7.68,S,1000
09:36:17,7.68,S,500
09:36:17,7.68,S,1500
09:36:17,7.68,S,10000
09:36:18,7.68,B,300
09:36:18,7.67,S,100
09:36:18,7.68,B,900
09:36:18,7.67,S,900
09:36:18,7.67,S,300
09:36:18,7.67,S,300
09:36:19,7.67,S,300
09:36:19,7.68,B,1000
09:36:19,7.68,B,200
09:36:19,7.68,B,1000
09:36:19,7.68,B,2000
09:36:20,7.68,B,1000
09:36:20,7.68,B,400
09:36:20,7.68,B,100
09:36:21,7.67,S,4400
09:36:21,7.67,S,1000
09:36:21,7.66,S,1000
09:36:21,7.66,S,2000
09:36:21,7.66,S,200
09:36:21,7.66,S,200
09:36:21,7.66,S,900
09:36:21,7.66,S,2300
09:36:21,7.68,B,300
09:36:21,7.68,B,1000
09:36:22,7.68,B,1200
09:36:22,7.68,B,10000
09:36:22,7.66,S,5000
09:36:22,7.66,S,2400
09:36:22,7.68,B,100
09:36:22,7.68,B,10000
09:36:23,7.67,S,1200
09:36:24,7.67,S,1000
09:36:24,7.67,S,1000
09:36:25,7.67,S,1700
09:36:25,7.67,B,1000
09:36:25,7.67,B,1000
09:36:25,7.66,S,3500
09:36:26,7.67,B,100
09:36:26,7.66,S,6800
09:36:26,7.66,S,1200
09:36:26,7.66,S,1200
09:36:26,7.66,S,300
09:36:26,7.66,S,1900
09:36:26,7.66,S,17000
09:36:26,7.66,S,2000
09:36:26,7.66,S,100
09:36:26,7.66,S,100
09:36:26,7.66,S,600
09:36:26,7.66,S,100
09:36:26,7.66,S,100
09:36:26,7.66,S,200
09:36:26,7.66,S,100
09:36:26,7.66,S,1000
09:36:26,7.66,S,100
09:36:26,7.66,S,500
09:36:26,7.66,S,2000
09:36:26,7.66,S,200
09:36:26,7.66,S,700
09:36:26,7.66,S,100
09:36:26,7.66,S,200
09:36:26,7.66,S,1000
09:36:26,7.66,S,1000
09:36:26,7.66,S,4900
09:36:26,7.66,S,800
09:36:27,7.66,S,600
09:36:27,7.66,S,500
09:36:27,7.66,B,100
09:36:27,7.65,S,100
09:36:27,7.65,S,1500
09:36:27,7.65,S,1000
09:36:27,7.65,S,1000
09:36:27,7.65,S,600
09:36:27,7.65,S,400
09:36:27,7.65,S,4000
09:36:27,7.65,S,400
09:36:27,7.66,B,800
09:36:27,7.67,B,1200
09:36:27,7.68,B,1100
09:36:27,7.68,B,2200
09:36:27,7.68,B,300
09:36:27,7.65,S,1200
09:36:29,7.66,B,200
09:36:29,7.66,B,300
09:36:31,7.66,B,1000
09:36:31,7.65,S,4000
09:36:31,7.65,S,900
09:36:31,7.65,S,100
09:36:31,7.65,S,100
09:36:31,7.65,S,100
09:36:31,7.65,S,100
09:36:31,7.66,B,400
09:36:31,7.66,B,100
09:36:31,7.66,B,600
09:36:31,7.66,B,400
09:36:32,7.66,B,1000
09:36:32,7.66,B,300
09:36:32,7.66,B,1300
09:36:32,7.66,B,1700
09:36:33,7.65,S,500
09:36:33,7.66,B,300
09:36:33,7.66,B,1500
09:36:33,7.65,S,600
09:36:33,7.65,S,400
09:36:33,7.66,B,1000
09:36:35,7.66,B,1000
09:36:35,7.65,S,1600
09:36:35,7.65,S,1000
09:36:35,7.65,S,1400
09:36:35,7.65,S,1000
09:36:35,7.64,S,1300
09:36:35,7.65,B,500
09:36:36,7.65,B,2000
09:36:38,7.65,B,200
09:36:38,7.65,B,100
09:36:39,7.65,B,100
09:36:39,7.65,B,10000
09:36:39,7.65,B,8000
09:36:39,7.65,B,200
09:36:39,7.64,S,300
09:36:40,7.65,B,3000
09:36:40,7.65,B,900
09:36:40,7.65,B,100
09:36:40,7.64,S,400
09:36:40,7.64,S,300
09:36:40,7.64,S,300
09:36:41,7.65,B,100
09:36:41,7.65,B,200
09:36:41,7.65,B,700
09:36:42,7.65,B,500
09:36:43,7.65,B,1000
09:36:45,7.65,B,100
09:36:45,7.65,B,100
09:36:45,7.65,B,800
09:36:45,7.64,S,700
09:36:45,7.64,B,800
09:36:45,7.65,B,200
09:36:46,7.65,B,100
09:36:46,7.63,S,5400
09:36:46,7.63,S,500
09:36:46,7.63,S,100
09:36:47,7.64,B,500
09:36:47,7.65,B,900
09:36:47,7.65,B,100
09:36:47,7.65,B,10000
09:36:47,7.65,B,2000
09:36:47,7.65,B,500
09:36:47,7.65,B,1000
09:36:47,7.65,B,30000
09:36:47,7.65,B,1400
09:36:47,7.65,B,800
09:36:47,7.65,B,500
09:36:47,7.66,B,2500
09:36:47,7.66,B,2000
09:36:47,7.66,B,600
09:36:47,7.66,B,4000
09:36:47,7.66,B,500
09:36:47,7.66,B,1000
09:36:47,7.66,B,4000
09:36:47,7.66,B,1400
09:36:47,7.66,B,1400
09:36:47,7.66,B,2300
09:36:47,7.66,B,4000
09:36:47,7.66,B,5000
09:36:47,7.66,B,2000
09:36:47,7.66,B,1000
09:36:47,7.67,B,1000
09:36:47,7.67,B,600
09:36:47,7.67,B,1400
09:36:47,7.67,B,1000
09:36:47,7.67,B,1000
09:36:47,7.67,B,5000
09:36:47,7.66,S,1000
09:36:47,7.66,S,1100
09:36:47,7.66,S,1700
09:36:47,7.66,S,700
09:36:47,7.66,S,500
09:36:48,7.66,S,1000
09:36:48,7.66,S,1000
09:36:48,7.66,S,3600
09:36:48,7.65,B,2000
09:36:48,7.65,B,2400
09:36:48,7.65,B,1000
09:36:48,7.67,B,4000
09:36:48,7.67,B,5000
09:36:48,7.67,B,3400
09:36:48,7.67,B,2200
09:36:49,7.65,B,200
09:36:49,7.65,B,1300
09:36:49,7.65,S,100
09:36:49,7.65,S,100
09:36:49,7.64,S,1600
09:36:49,7.63,S,800
09:36:49,7.63,S,400
09:36:49,7.65,S,500
09:36:50,7.64,B,100
09:36:50,7.63,S,300
09:36:50,7.64,B,200
09:36:50,7.63,S,200
09:36:50,7.63,S,800
09:36:51,7.64,B,1100
09:36:51,7.64,B,800
09:36:51,7.65,B,100
09:36:51,7.63,S,1000
09:36:52,7.63,S,200
09:36:52,7.63,S,400
09:36:52,7.63,B,200
09:36:52,7.63,B,400
09:36:53,7.63,B,1000
09:36:54,7.63,B,3300
09:36:54,7.62,S,1000
09:36:54,7.62,S,500
09:36:54,7.61,S,500
09:36:54,7.61,S,1900
09:36:54,7.63,B,3200
09:36:54,7.63,B,1600
09:36:54,7.63,B,400
09:36:54,7.64,B,300
09:36:54,7.64,B,2000
09:36:54,7.64,B,500
09:36:54,7.64,B,1400
09:36:54,7.64,B,800
09:36:54,7.64,B,2700
09:36:54,7.65,B,200
09:36:54,7.65,B,6900
09:36:54,7.65,B,1000
09:36:54,7.65,B,500
09:36:54,7.65,B,3500
09:36:54,7.65,B,5500
09:36:55,7.63,B,2000
09:36:55,7.63,B,500
09:36:55,7.64,B,1000
09:36:55,7.64,B,4300
09:36:55,7.64,B,200
09:36:55,7.64,B,600
09:36:55,7.64,B,700
09:36:55,7.65,B,700
09:36:56,7.61,S,100
09:36:56,7.61,S,300
09:36:56,7.61,S,100
09:36:57,7.64,B,300
09:36:57,7.63,B,600
09:37:00,7.63,B,600
09:37:00,7.63,B,100
09:37:01,7.61,S,200
09:37:01,7.61,S,200
09:37:01,7.61,S,2300
09:37:01,7.63,B,200
09:37:01,7.62,B,1000
09:37:01,7.63,B,29100
09:37:01,7.63,B,2000
09:37:01,7.63,B,4500
09:37:01,7.64,B,700
09:37:01,7.64,B,1300
09:37:01,7.64,B,100
09:37:02,7.64,B,100
09:37:03,7.64,B,200
09:37:03,7.63,S,1000
09:37:04,7.63,B,2200
09:37:04,7.64,B,3300
09:37:04,7.64,B,100
09:37:04,7.64,B,200
09:37:04,7.64,B,1500
09:37:04,7.64,B,1000
09:37:04,7.64,B,200
09:37:04,7.64,B,500
09:37:04,7.64,B,700
09:37:04,7.64,B,500
09:37:04,7.64,B,500
09:37:04,7.64,B,300
09:37:04,7.64,B,1200
09:37:04,7.64,B,400
09:37:04,7.64,B,3000
09:37:04,7.64,B,100
09:37:04,7.64,B,800
09:37:04,7.64,B,500
09:37:04,7.64,B,8000
09:37:05,7.63,B,800
09:37:05,7.64,B,800
09:37:05,7.64,B,300
09:37:05,7.64,B,200
09:37:06,7.64,B,100
09:37:06,7.63,S,200
09:37:06,7.62,S,1800
09:37:06,7.64,B,600
09:37:06,7.64,B,500
09:37:06,7.64,B,1000
09:37:06,7.64,B,100
09:37:07,7.61,S,300
09:37:07,7.61,S,900
09:37:07,7.63,B,400
09:37:07,7.64,B,1400
09:37:07,7.64,B,200
09:37:07,7.64,B,1800
09:37:07,7.64,B,500
09:37:07,7.64,B,1000
09:37:07,7.65,B,1000
09:37:07,7.65,B,400
09:37:07,7.65,B,2000
09:37:07,7.65,B,1000
09:37:07,7.65,B,1000
09:37:07,7.65,B,1000
09:37:07,7.65,B,1000
09:37:07,7.65,B,200
09:37:07,7.65,B,1000
09:37:07,7.65,B,1100
09:37:07,7.65,B,2000
09:37:07,7.65,B,1000
09:37:07,7.65,B,900
09:37:07,7.65,B,2000
09:37:07,7.65,B,1100
09:37:07,7.61,S,1300
09:37:07,7.61,S,1200
09:37:07,7.61,S,800
09:37:07,7.6,S,100
09:37:07,7.61,B,700
09:37:08,7.62,B,500
09:37:08,7.62,B,300
09:37:08,7.63,B,700
09:37:08,7.63,B,100
09:37:09,7.63,B,200
09:37:09,7.63,B,500
09:37:09,7.64,B,500
09:37:09,7.65,B,2000
09:37:09,7.65,B,500
09:37:09,7.65,B,300
09:37:09,7.65,B,1000
09:37:09,7.65,B,100
09:37:09,7.65,B,200
09:37:09,7.65,B,900
09:37:11,7.64,S,1000
09:37:11,7.65,B,1300
09:37:11,7.65,B,100
09:37:11,7.65,S,1000
09:37:11,7.65,S,500
09:37:11,7.65,S,300
09:37:12,7.65,S,6800
09:37:12,7.64,S,3200
09:37:12,7.64,S,1000
09:37:13,7.65,B,2000
09:37:13,7.65,B,500
09:37:14,7.65,S,100
09:37:15,7.65,S,400
09:37:15,7.64,S,33600
09:37:15,7.63,B,600
09:37:15,7.63,B,1000
09:37:15,7.62,S,200
09:37:16,7.62,S,800
09:37:16,7.62,S,1000
09:37:16,7.62,S,4000
09:37:16,7.62,S,16000
09:37:16,7.61,S,6200
09:37:17,7.63,B,4700
09:37:18,7.61,S,700
09:37:18,7.61,S,500
09:37:18,7.61,S,800
09:37:18,7.63,B,500
09:37:19,7.63,B,9600
09:37:19,7.63,B,2000
09:37:19,7.63,B,1200
09:37:19,7.63,B,1000
09:37:19,7.63,B,10900
09:37:19,7.64,B,5800
09:37:19,7.64,B,1000
09:37:19,7.64,B,600
09:37:19,7.64,S,5000
09:37:20,7.64,S,800
09:37:20,7.64,S,300
09:37:20,7.65,B,2000
09:37:21,7.64,S,2600
09:37:21,7.64,S,100
09:37:21,7.64,S,500
09:37:21,7.63,S,1800
09:37:21,7.63,S,200
09:37:21,7.63,S,700
09:37:21,7.63,S,500
09:37:21,7.65,B,200
09:37:21,7.63,S,500
09:37:22,7.63,S,1300
09:37:22,7.63,B,600
09:37:22,7.63,B,200
09:37:23,7.63,B,500
09:37:23,7.63,B,1000
09:37:23,7.63,B,1000
09:37:23,7.63,B,100
09:37:24,7.62,S,1000
09:37:24,7.61,S,5200
09:37:24,7.63,B,300
09:37:24,7.62,B,500
09:37:25,7.62,B,500
09:37:25,7.62,B,1000
09:37:25,7.62,B,500
09:37:25,7.62,B,2500
09:37:25,7.63,B,10200
09:37:25,7.63,B,1500
09:37:26,7.63,B,3300
09:37:26,7.63,B,2000
09:37:26,7.63,B,1000
09:37:26,7.63,B,1000
09:37:26,7.63,B,900
09:37:26,7.64,B,1000
09:37:26,7.65,B,200
09:37:26,7.65,B,5183
09:37:26,7.65,B,1500
09:37:26,7.65,B,300
09:37:26,7.65,B,3617
09:37:27,7.62,S,500
09:37:27,7.62,S,300
09:37:27,7.62,B,300
09:37:27,7.62,B,300
09:37:27,7.63,B,900
09:37:27,7.65,B,3000
09:37:28,7.65,B,500
09:37:28,7.65,B,2000
09:37:28,7.64,S,1500
09:37:28,7.64,S,3500
09:37:28,7.65,B,1500
09:37:29,7.64,S,1000
09:37:29,7.65,B,19383
09:37:29,7.65,B,617
09:37:30,7.64,S,500
09:37:30,7.64,S,300
09:37:30,7.63,S,300
09:37:30,7.63,S,100
09:37:30,7.63,S,300
09:37:30,7.65,B,383
09:37:30,7.65,B,5117
09:37:30,7.63,S,700
09:37:30,7.63,S,800
09:37:30,7.63,S,1400
09:37:30,7.63,S,800
09:37:31,7.63,S,200
09:37:31,7.63,S,100
09:37:31,7.63,S,800
09:37:32,7.64,B,2000
09:37:32,7.65,B,8000
09:37:33,7.65,B,1883
09:37:33,7.65,B,1000
09:37:33,7.65,B,500
09:37:33,7.65,S,200
09:37:34,7.65,S,1000
09:37:34,7.65,S,100
09:37:35,7.65,S,100
09:37:35,7.65,S,10000
09:37:36,7.65,S,2200
09:37:36,7.65,S,2000
09:37:37,7.65,S,1000
09:37:37,7.65,S,1000
09:37:37,7.65,S,1000
09:37:38,7.65,S,12017
09:37:38,7.65,S,1000
09:37:38,7.65,S,100
09:37:38,7.65,S,2000
09:37:38,7.65,S,20000
09:37:38,7.65,S,200
09:37:38,7.64,S,200
09:37:38,7.64,S,700
09:37:38,7.63,S,3000
09:37:38,7.64,B,100
09:37:38,7.64,B,500
09:37:38,7.64,B,3000
09:37:39,7.63,S,500
09:37:39,7.63,S,100
09:37:39,7.63,S,1200
09:37:40,7.64,B,500
09:37:40,7.64,B,200
09:37:40,7.63,S,700
09:37:41,7.64,B,2300
09:37:42,7.63,S,3700
09:37:42,7.63,S,4200
09:37:42,7.63,S,1000
09:37:42,7.63,S,1100
09:37:43,7.64,B,500
09:37:44,7.64,B,600
09:37:44,7.63,S,600
09:37:44,7.63,S,200
09:37:44,7.63,S,200
09:37:44,7.63,S,300
09:37:44,7.63,S,4600
09:37:44,7.63,S,2000
09:37:44,7.63,S,200
09:37:44,7.63,S,1000
09:37:44,7.63,S,900
09:37:44,7.64,B,400
09:37:44,7.64,B,500
09:37:44,7.63,S,1100
09:37:44,7.63,S,10900
09:37:44,7.63,S,1000
09:37:44,7.63,S,100
09:37:44,7.63,S,1000
09:37:44,7.63,S,3300
09:37:44,7.63,S,600
09:37:44,7.63,S,800
09:37:44,7.63,S,1800
09:37:44,7.63,S,3000
09:37:44,7.63,S,500
09:37:44,7.63,S,2000
09:37:44,7.63,S,1900
09:37:44,7.63,S,3300
09:37:44,7.63,S,200
09:37:45,7.63,S,500
09:37:45,7.64,B,400
09:37:45,7.64,B,4600
09:37:45,7.63,S,6000
09:37:45,7.63,S,100
09:37:45,7.63,S,4000
09:37:45,7.63,S,600
09:37:46,7.64,B,400
09:37:46,7.65,B,4600
09:37:46,7.63,S,1000
09:37:47,7.64,B,100
09:37:47,7.64,B,400
09:37:47,7.65,B,1400
09:37:48,7.65,B,8683
09:37:48,7.65,B,5600
09:37:48,7.65,B,2200
09:37:48,7.65,B,1000
09:37:48,7.66,B,1000
09:37:48,7.66,B,500
09:37:48,7.66,B,800
09:37:48,7.66,B,42017
09:37:48,7.64,S,1000
09:37:48,7.63,S,7200
09:37:48,7.63,S,100
09:37:48,7.63,S,1800
09:37:48,7.63,S,1000
09:37:48,7.63,S,2500
09:37:48,7.63,S,200
09:37:48,7.63,B,5000
09:37:48,7.63,B,1200
09:37:49,7.64,B,2000
09:37:50,7.64,B,10000
09:37:50,7.64,B,4300
09:37:50,7.63,S,200
09:37:50,7.64,B,1000
09:37:50,7.64,B,1000
09:37:53,7.64,B,200
09:37:53,7.64,B,500
09:37:54,7.64,B,5000
09:37:55,7.64,B,800
09:37:56,7.64,B,4100
09:37:56,7.64,B,1000
09:37:56,7.64,B,2000
09:37:56,7.65,B,600
09:37:56,7.65,B,1000
09:37:56,7.65,B,500
09:37:56,7.65,B,5800
09:37:57,7.65,B,100
09:37:57,7.65,B,400
09:37:58,7.64,S,1000
09:37:59,7.64,S,400
09:38:00,7.64,S,400
09:38:00,7.64,S,5000
09:38:00,7.65,B,7500
09:38:01,7.65,B,2100
09:38:01,7.65,B,900
09:38:01,7.65,B,100
09:38:01,7.65,B,200
09:38:01,7.64,S,300
09:38:01,7.64,S,11000
09:38:02,7.64,S,1100
09:38:03,7.64,S,100
09:38:03,7.64,S,6000
09:38:03,7.64,S,4700
09:38:03,7.64,S,200
09:38:03,7.64,S,100
09:38:03,7.65,B,100
09:38:03,7.65,B,3200
09:38:04,7.65,B,3000
09:38:04,7.65,B,200
09:38:05,7.65,B,100
09:38:05,7.65,B,100
09:38:06,7.64,S,1000
09:38:06,7.64,S,600
09:38:06,7.65,B,1000
09:38:06,7.64,S,1200
09:38:06,7.64,S,500
09:38:06,7.64,S,700
09:38:06,7.64,S,100
09:38:07,7.64,S,3000
09:38:07,7.64,S,3000
09:38:08,7.64,S,3900
09:38:08,7.64,S,100
09:38:08,7.64,S,500
09:38:08,7.64,S,1500
09:38:08,7.64,S,200
09:38:08,7.64,S,300
09:38:08,7.64,S,2000
09:38:10,7.64,S,700
09:38:10,7.64,S,100
09:38:10,7.64,S,200
09:38:10,7.64,S,300
09:38:10,7.65,B,14400
09:38:10,7.65,B,5000
09:38:10,7.65,B,1000
09:38:10,7.65,B,1000
09:38:10,7.65,B,900
09:38:10,7.65,B,800
09:38:10,7.65,B,400
09:38:10,7.65,B,200
09:38:10,7.65,B,1000
09:38:10,7.65,B,400
09:38:10,7.65,B,200
09:38:10,7.65,B,5000
09:38:10,7.65,B,20000
09:38:10,7.65,B,500
09:38:10,7.65,B,10000
09:38:10,7.65,B,100
09:38:10,7.66,B,51191
09:38:10,7.66,B,500
09:38:10,7.66,B,1000
09:38:10,7.66,B,20000
09:38:10,7.66,B,500
09:38:10,7.66,B,1100
09:38:10,7.66,B,300
09:38:10,7.66,B,2000
09:38:10,7.67,B,1500
09:38:10,7.67,B,500
09:38:10,7.67,B,500
09:38:10,7.67,B,200
09:38:10,7.67,B,500
09:38:10,7.67,B,700
09:38:10,7.67,B,2000
09:38:10,7.67,B,1000
09:38:10,7.67,B,50200
09:38:10,7.67,B,1000
09:38:10,7.67,B,4409
09:38:10,7.64,S,1000
09:38:10,7.64,S,100
09:38:11,7.64,S,200
09:38:11,7.64,S,1200
09:38:11,7.64,S,3000
09:38:11,7.64,S,3000
09:38:11,7.64,S,100
09:38:11,7.64,S,900
09:38:11,7.64,S,100
09:38:11,7.64,S,1500
09:38:11,7.64,S,200
09:38:11,7.64,S,300
09:38:11,7.64,S,1000
09:38:11,7.64,S,100
09:38:12,7.64,S,400
09:38:12,7.64,S,2000
09:38:12,7.64,S,500
09:38:12,7.64,S,1000
09:38:12,7.64,S,1100
09:38:12,7.64,S,100
09:38:13,7.64,S,1000
09:38:13,7.64,S,500
09:38:13,7.63,S,1500
09:38:14,7.64,S,4400
09:38:15,7.64,S,900
09:38:15,7.64,S,1000
09:38:15,7.65,B,500
09:38:15,7.65,B,700
09:38:16,7.64,S,3000
09:38:16,7.65,B,1000
09:38:16,7.64,S,700
09:38:16,7.64,S,500
09:38:16,7.64,S,200
09:38:16,7.64,S,100
09:38:16,7.64,S,1500
09:38:16,7.65,B,600
09:38:16,7.64,S,500
09:38:16,7.64,B,600
09:38:16,7.64,B,1000
09:38:17,7.64,B,5000
09:38:17,7.64,B,900
09:38:17,7.64,B,2000
09:38:17,7.64,B,6300
09:38:18,7.64,S,2700
09:38:18,7.64,S,300
09:38:18,7.64,B,100
09:38:20,7.64,B,400
09:38:20,7.64,B,200
09:38:20,7.64,B,1000
09:38:21,7.64,B,3600
09:38:21,7.64,B,100
09:38:22,7.63,S,100
09:38:22,7.63,S,200
09:38:23,7.64,B,300
09:38:23,7.64,B,100
09:38:23,7.64,B,200
09:38:23,7.64,B,1400
09:38:23,7.64,B,9700
09:38:23,7.65,B,15800
09:38:23,7.65,B,800
09:38:23,7.65,B,9700
09:38:23,7.65,B,700
09:38:24,7.64,S,1900
09:38:24,7.64,S,200
09:38:25,7.64,S,900
09:38:25,7.64,S,1100
09:38:26,7.64,S,7500
09:38:26,7.64,S,11900
09:38:26,7.64,S,1000
09:38:26,7.64,S,100
09:38:26,7.64,B,100
09:38:27,7.64,B,100
09:38:27,7.64,B,100
09:38:27,7.63,S,100
09:38:27,7.63,S,1400
09:38:27,7.64,B,2500
09:38:27,7.63,S,100
09:38:27,7.63,S,1500
09:38:27,7.63,S,18400
09:38:27,7.63,S,400
09:38:27,7.63,S,1600
09:38:27,7.63,S,8000
09:38:28,7.64,B,300
09:38:28,7.64,B,1400
09:38:28,7.64,B,5000
09:38:28,7.64,B,3200
09:38:28,7.64,B,1000
09:38:29,7.64,S,100
09:38:29,7.64,S,2000
09:38:30,7.64,S,100
09:38:30,7.65,B,400
09:38:32,7.64,S,800
09:38:32,7.65,B,100
09:38:33,7.65,B,200
09:38:33,7.65,B,5000
09:38:33,7.65,B,1500
09:38:35,7.65,B,1000
09:38:35,7.65,B,1000
09:38:35,7.65,B,400
09:38:35,7.65,B,100
09:38:36,7.65,B,500
09:38:37,7.65,B,400
09:38:37,7.65,B,1400
09:38:37,7.65,B,300
09:38:37,7.65,B,1500
09:38:37,7.65,B,1400
09:38:37,7.65,B,700
09:38:37,7.65,B,500
09:38:37,7.65,B,100
09:38:37,7.65,B,3400
09:38:37,7.65,B,4100
09:38:37,7.66,B,500
09:38:37,7.66,B,1000
09:38:37,7.66,B,600
09:38:37,7.66,B,300
09:38:38,7.66,B,900
09:38:38,7.66,B,400
09:38:39,7.65,S,1000
09:38:39,7.66,B,2800
09:38:39,7.66,B,3000
09:38:39,7.66,B,1600
09:38:39,7.67,B,5591
09:38:39,7.67,B,100
09:38:39,7.67,B,300
09:38:39,7.67,B,2000
09:38:39,7.67,B,500
09:38:39,7.67,B,5000
09:38:39,7.67,B,3000
09:38:39,7.67,B,100
09:38:39,7.68,B,500
09:38:39,7.68,B,10000
09:38:39,7.68,B,1300
09:38:39,7.68,B,2000
09:38:39,7.68,B,1000
09:38:39,7.68,B,800
09:38:39,7.68,B,3000
09:38:39,7.68,B,1000
09:38:39,7.68,B,100
09:38:39,7.68,B,500
09:38:39,7.68,B,100
09:38:39,7.68,B,400
09:38:39,7.68,B,1000
09:38:39,7.68,B,200
09:38:39,7.68,B,1000
09:38:39,7.68,B,5000
09:38:39,7.68,B,3000
09:38:39,7.68,B,2000
09:38:39,7.68,B,8200
09:38:39,7.68,B,1500
09:38:39,7.68,B,2400
09:38:39,7.68,B,3000
09:38:39,7.68,B,800
09:38:39,7.68,B,200
09:38:39,7.68,B,200
09:38:39,7.68,B,5000
09:38:39,7.68,B,2000
09:38:39,7.68,B,700
09:38:39,7.68,B,100
09:38:39,7.68,B,500
09:38:39,7.68,B,5000
09:38:39,7.68,B,2500
09:38:39,7.68,B,300
09:38:39,7.68,B,5000
09:38:39,7.68,B,300
09:38:39,7.68,B,200
09:38:39,7.68,B,100
09:38:39,7.68,B,900
09:38:39,7.68,B,2000
09:38:39,7.68,B,600
09:38:39,7.68,B,200
09:38:39,7.68,B,100
09:38:39,7.68,B,1000
09:38:39,7.68,B,1000
09:38:39,7.68,B,200
09:38:39,7.68,B,5600
09:38:39,7.69,B,600
09:38:39,7.69,B,500
09:38:39,7.69,B,100
09:38:39,7.69,B,1000
09:38:39,7.69,B,1000
09:38:39,7.69,B,500
09:38:39,7.69,B,1309
09:38:40,7.68,S,2000
09:38:42,7.68,S,2100
09:38:42,7.67,S,17900
09:38:42,7.67,S,5000
09:38:43,7.67,S,100
09:38:44,7.67,S,600
09:38:44,7.67,S,100
09:38:44,7.67,S,20000
09:38:45,7.67,S,1000
09:38:45,7.67,S,300
09:38:48,7.67,S,400
09:38:48,7.67,S,700
09:38:49,7.67,S,700
09:38:50,7.67,S,2000
09:38:50,7.69,B,691
09:38:50,7.69,B,200
09:38:50,7.69,B,309
09:38:51,7.67,S,400
09:38:52,7.68,S,200
09:38:52,7.69,B,100
09:38:53,7.69,B,2591
09:38:53,7.69,B,409
09:38:53,7.69,B,91
09:38:53,7.69,B,909
09:38:54,7.68,S,400
09:38:54,7.67,S,2600
09:38:54,7.67,S,100
09:38:54,7.67,S,1400
09:38:56,7.69,B,2091
09:38:56,7.69,B,100
09:38:56,7.69,B,2300
09:38:56,7.69,B,100
09:38:56,7.69,B,3500
09:38:56,7.69,B,1000
09:38:56,7.69,B,909
09:38:56,7.68,S,400
09:38:56,7.67,S,100
09:38:57,7.67,S,2000
09:38:57,7.67,S,2200
09:38:57,7.67,S,800
09:38:58,7.67,S,500
09:38:58,7.67,S,500
09:38:59,7.67,S,100
09:39:01,7.68,B,100
09:39:01,7.67,S,300
09:39:01,7.67,S,200
09:39:03,7.67,S,1300
09:39:04,7.68,B,100
09:39:04,7.68,B,500
09:39:04,7.68,B,1000
09:39:04,7.69,B,91
09:39:04,7.69,B,13900
09:39:04,7.69,B,2000
09:39:04,7.69,B,800
09:39:04,7.69,B,100
09:39:04,7.69,B,20000
09:39:04,7.69,B,1909
09:39:05,7.67,S,100
09:39:05,7.68,B,1000
09:39:05,7.68,B,3500
09:39:06,7.68,S,500
09:39:06,7.67,S,1200
09:39:07,7.67,S,700
09:39:07,7.67,S,1200
09:39:07,7.68,B,3200
09:39:08,7.67,S,3000
09:39:09,7.68,B,800
09:39:09,7.68,B,1000
09:39:09,7.67,S,100
09:39:09,7.68,B,1500
09:39:09,7.67,S,100
09:39:09,7.67,S,1000
09:39:09,7.68,B,400
09:39:10,7.68,B,9200
09:39:10,7.68,B,400
09:39:10,7.67,S,200
09:39:10,7.68,B,1300
09:39:11,7.67,S,800
09:39:11,7.67,S,500
09:39:11,7.68,B,100
09:39:11,7.68,B,500
09:39:12,7.68,B,800
09:39:13,7.67,S,2400
09:39:13,7.67,S,1800
09:39:13,7.67,S,5600
09:39:13,7.67,S,1500
09:39:14,7.67,S,1000
09:39:14,7.67,S,500
09:39:15,7.67,S,1500
09:39:15,7.68,B,2800
09:39:15,7.68,B,14700
09:39:15,7.67,S,100
09:39:16,7.67,S,5000
09:39:17,7.68,B,5300
09:39:17,7.68,B,4700
09:39:17,7.67,S,1000
09:39:17,7.68,B,300
09:39:17,7.68,B,1700
09:39:18,7.68,B,8300
09:39:18,7.68,B,1700
09:39:18,7.68,B,200
09:39:18,7.68,B,100
09:39:18,7.68,B,400
09:39:19,7.68,B,600
09:39:19,7.68,B,400
09:39:19,7.68,B,1900
09:39:20,7.68,S,500
09:39:21,7.68,S,100
09:39:21,7.68,S,500
09:39:21,7.68,S,200
09:39:21,7.68,S,2300
09:39:21,7.68,S,1100
09:39:21,7.68,S,3900
09:39:21,7.67,S,5000
09:39:22,7.67,S,400
09:39:22,7.67,S,200
09:39:22,7.67,S,1000
09:39:22,7.68,B,200
09:39:23,7.68,S,800
09:39:23,7.68,S,6200
09:39:24,7.68,S,300
09:39:24,7.68,S,1000
09:39:24,7.68,S,1000
09:39:25,7.68,S,2500
09:39:25,7.68,S,4000
09:39:25,7.68,S,100
09:39:25,7.68,S,3400
09:39:25,7.68,S,7400
09:39:25,7.68,S,100
09:39:25,7.68,S,2000
09:39:25,7.67,S,2800
09:39:25,7.67,S,1000
09:39:25,7.67,S,500
09:39:25,7.67,S,1000
09:39:25,7.67,S,800
09:39:25,7.67,S,1000
09:39:25,7.67,S,300
09:39:25,7.68,S,200
09:39:25,7.67,S,300
09:39:26,7.68,B,1000
09:39:27,7.68,B,100
09:39:27,7.67,S,400
09:39:27,7.67,S,200
09:39:27,7.67,S,100
09:39:27,7.67,S,1000
09:39:27,7.67,S,200
09:39:27,7.67,S,300
09:39:27,7.67,S,500
09:39:27,7.67,S,300
09:39:27,7.67,S,500
09:39:27,7.68,B,900
09:39:27,7.68,S,3000
09:39:28,7.68,S,1100
09:39:28,7.68,S,900
09:39:29,7.69,B,91
09:39:29,7.69,B,9
09:39:29,7.68,S,100
09:39:29,7.68,S,2000
09:39:29,7.68,S,1000
09:39:29,7.68,S,100
09:39:29,7.68,S,300
09:39:29,7.68,S,1600
09:39:29,7.67,S,300
09:39:29,7.67,S,500
09:39:29,7.67,S,100
09:39:30,7.69,B,9191
09:39:30,7.69,B,809
09:39:32,7.68,S,400
09:39:32,7.68,S,200
09:39:32,7.68,S,2000
09:39:32,7.68,S,1000
09:39:32,7.69,B,91
09:39:32,7.69,B,1200
09:39:32,7.69,B,1709
09:39:32,7.68,S,5000
09:39:32,7.69,B,2300
09:39:34,7.68,S,1000
09:39:34,7.68,S,800
09:39:34,7.68,S,200
09:39:34,7.68,S,400
09:39:34,7.68,S,200
09:39:34,7.68,S,400
09:39:34,7.69,B,300
09:39:34,7.68,S,2000
09:39:34,7.68,S,600
09:39:34,7.68,S,10000
09:39:34,7.68,S,800
09:39:34,7.68,S,1100
09:39:35,7.68,S,1400
09:39:35,7.68,S,1600
09:39:35,7.68,S,400
09:39:36,7.68,B,200
09:39:36,7.67,S,200
09:39:36,7.67,S,1000
09:39:36,7.67,S,300
09:39:36,7.68,B,200
09:39:37,7.68,B,200
09:39:37,7.69,B,1491
09:39:37,7.69,B,909
09:39:38,7.68,S,1000
09:39:38,7.68,B,1000
09:39:39,7.67,S,4700
09:39:39,7.67,S,1000
09:39:39,7.67,S,100
09:39:39,7.67,S,100
09:39:39,7.67,S,3000
09:39:39,7.67,S,500
09:39:39,7.66,S,1000
09:39:39,7.66,S,300
09:39:39,7.66,S,200
09:39:39,7.66,S,300
09:39:39,7.66,S,100
09:39:39,7.66,S,500
09:39:39,7.66,S,200
09:39:39,7.66,S,4000
09:39:40,7.68,B,100
09:39:40,7.67,B,1000
09:39:41,7.66,S,800
09:39:41,7.66,S,1000
09:39:41,7.66,S,400
09:39:41,7.66,S,100
09:39:41,7.66,S,700
09:39:42,7.67,B,1200
09:39:43,7.67,B,2800
09:39:43,7.68,B,200
09:39:43,7.67,B,400
09:39:43,7.68,B,600
09:39:44,7.68,B,2700
09:39:44,7.68,B,1300
09:39:44,7.68,B,2700
09:39:44,7.68,B,1900
09:39:44,7.68,B,100
09:39:44,7.68,B,1000
09:39:44,7.68,B,200
09:39:45,7.67,B,100
09:39:45,7.67,B,800
09:39:45,7.67,B,4000
09:39:45,7.68,B,1200
09:39:45,7.67,B,1100
09:39:46,7.67,B,100
09:39:46,7.67,B,500
09:39:47,7.67,B,200
09:39:47,7.67,B,800
09:39:47,7.67,B,3100
09:39:47,7.68,B,600
09:39:47,7.68,B,2000
09:39:47,7.66,S,300
09:39:47,7.66,S,500
09:39:47,7.67,B,100
09:39:48,7.66,S,3700
09:39:48,7.67,B,1100
09:39:48,7.67,B,1000
09:39:49,7.68,B,300
09:39:50,7.67,S,200
09:39:51,7.68,B,100
09:39:51,7.68,B,100
09:39:51,7.68,B,1800
09:39:52,7.68,B,100
09:39:52,7.67,S,1200
09:39:52,7.67,S,100
09:39:52,7.66,S,1500
09:39:52,7.66,S,4000
09:39:52,7.66,S,100
09:39:52,7.66,S,1200
09:39:52,7.68,B,900
09:39:53,7.66,S,400
09:39:53,7.67,B,200
09:39:54,7.67,B,200
09:39:55,7.67,B,200
09:39:57,7.67,B,4400
09:39:57,7.67,B,5000
09:39:57,7.67,B,1000
09:39:57,7.67,B,2400
09:39:57,7.68,B,500
09:39:58,7.68,B,500
09:39:59,7.67,S,200
09:39:59,7.67,B,300
09:39:59,7.67,S,400
09:40:00,7.67,B,100
09:40:00,7.67,B,400
09:40:00,7.67,B,300
09:40:01,7.67,B,1200
09:40:01,7.67,B,2000
09:40:01,7.67,B,500
09:40:01,7.67,B,500
09:40:01,7.67,B,200
09:40:02,7.67,B,200
09:40:02,7.67,B,2000
09:40:02,7.67,B,400
09:40:03,7.67,B,5000
09:40:03,7.66,S,4000
09:40:03,7.67,B,900
09:40:03,7.68,B,1100
09:40:04,7.67,B,200
09:40:04,7.67,B,100
09:40:04,7.68,B,400
09:40:04,7.68,B,100
09:40:05,7.66,S,100
09:40:05,7.66,S,900
09:40:05,7.68,B,600
09:40:05,7.68,B,700
09:40:05,7.68,B,100
09:40:06,7.67,S,500
09:40:07,7.67,B,1000
09:40:07,7.67,B,300
09:40:08,7.67,B,1100
09:40:08,7.67,B,1500
09:40:08,7.67,B,1000
09:40:08,7.67,B,400
09:40:08,7.66,S,100
09:40:08,7.66,S,1400
09:40:08,7.66,S,400
09:40:09,7.66,S,1000
09:40:09,7.67,B,100
09:40:09,7.66,S,2200
09:40:09,7.66,S,300
09:40:09,7.66,S,500
09:40:09,7.67,B,800
09:40:10,7.67,B,1000
09:40:10,7.67,B,200
09:40:10,7.66,S,700
09:40:10,7.66,S,300
09:40:12,7.66,S,700
09:40:12,7.66,S,8900
09:40:12,7.66,S,1100
09:40:12,7.66,S,1000
09:40:12,7.66,S,1000
09:40:12,7.66,S,900
09:40:12,7.67,B,1000
09:40:13,7.67,B,400
09:40:14,7.67,B,100
09:40:15,7.67,B,300
09:40:15,7.67,B,300
09:40:15,7.67,B,3000
09:40:15,7.67,B,10000
09:40:15,7.67,B,5000
09:40:15,7.67,B,1600
09:40:15,7.67,B,1000
09:40:15,7.67,B,800
09:40:15,7.67,B,700
09:40:15,7.67,B,1000
09:40:15,7.67,B,1500
09:40:15,7.67,B,2000
09:40:15,7.67,B,1000
09:40:15,7.67,B,1100
09:40:15,7.67,B,1300
09:40:15,7.67,B,4000
09:40:15,7.67,B,2000
09:40:17,7.67,S,100
09:40:17,7.68,B,900
09:40:17,7.68,B,3000
09:40:17,7.68,B,500
09:40:17,7.68,B,600
09:40:17,7.68,B,100
09:40:17,7.68,B,900
09:40:18,7.67,S,3600
09:40:18,7.67,S,1400
09:40:18,7.67,S,600
09:40:18,7.66,S,4700
09:40:18,7.67,S,2100
09:40:18,7.67,S,900
09:40:18,7.67,S,100
09:40:18,7.66,S,7000
09:40:19,7.67,B,300
09:40:20,7.66,S,20000
09:40:21,7.66,S,900
09:40:21,7.66,S,2000
09:40:21,7.66,S,2000
09:40:21,7.66,S,600
09:40:21,7.66,S,100
09:40:21,7.66,S,400
09:40:21,7.67,B,100
09:40:21,7.66,S,700
09:40:21,7.67,B,600
09:40:21,7.67,B,400
09:40:21,7.67,B,100
09:40:22,7.66,S,400
09:40:22,7.66,S,400
09:40:22,7.67,B,500
09:40:22,7.67,B,5000
09:40:22,7.67,B,100
09:40:22,7.68,B,807
09:40:22,7.68,B,2000
09:40:22,7.68,B,1600
09:40:22,7.68,B,4593
09:40:22,7.67,S,5000
09:40:22,7.67,S,2000
09:40:23,7.68,B,407
09:40:23,7.68,B,200
09:40:23,7.68,B,200
09:40:23,7.68,B,500
09:40:23,7.68,B,200
09:40:23,7.68,B,4493
09:40:24,7.67,S,400
09:40:24,7.67,S,700
09:40:24,7.68,B,400
09:40:24,7.67,S,300
09:40:25,7.67,S,1600
09:40:25,7.67,S,1800
09:40:25,7.68,B,1000
09:40:26,7.67,S,2600
09:40:26,7.67,S,1000
09:40:26,7.67,S,6400
09:40:27,7.67,S,500
09:40:27,7.67,S,200
09:40:27,7.67,S,2900
09:40:27,7.67,S,400
09:40:27,7.67,S,600
09:40:27,7.67,S,1400
09:40:28,7.68,B,707
09:40:28,7.68,B,300
09:40:28,7.68,B,1800
09:40:28,7.68,B,1800
09:40:28,7.68,B,100
09:40:28,7.68,B,500
09:40:28,7.68,B,300
09:40:28,7.68,B,1200
09:40:28,7.68,B,3293
09:40:28,7.68,B,100
09:40:28,7.68,B,5000
09:40:28,7.67,S,1700
09:40:28,7.68,B,500
09:40:28,7.67,S,900
09:40:28,7.67,S,1000
09:40:28,7.67,S,500
09:40:28,7.66,S,400
09:40:28,7.66,S,2200
09:40:28,7.66,S,1000
09:40:28,7.66,S,600
09:40:28,7.66,S,1200
09:40:28,7.66,S,100
09:40:28,7.66,S,4900
09:40:29,7.67,B,200
09:40:29,7.66,S,800
09:40:29,7.67,B,200
09:40:30,7.66,S,2000
09:40:30,7.67,B,600
09:40:30,7.67,B,600
09:40:30,7.67,B,6000
09:40:30,7.67,B,2600
09:40:30,7.67,B,1500
09:40:30,7.67,B,2000
09:40:30,7.67,S,4000
09:40:30,7.67,S,500
09:40:31,7.68,B,300
09:40:31,7.67,S,185
09:40:31,7.67,S,1615
09:40:32,7.66,S,300
09:40:33,7.66,S,700
09:40:33,7.66,S,1300
09:40:33,7.67,B,100
09:40:33,7.66,S,500
09:40:33,7.66,S,1406
09:40:34,7.67,B,100
09:40:34,7.67,B,1000
09:40:34,7.67,B,485
09:40:34,7.67,B,15
09:40:35,7.66,S,1000
09:40:35,7.67,B,85
09:40:35,7.67,B,1915
09:40:37,7.66,S,1200
09:40:37,7.67,B,300
09:40:37,7.67,B,2785
09:40:37,7.67,B,15
09:40:37,7.67,B,500
09:40:38,7.67,B,100
09:40:38,7.67,B,4685
09:40:38,7.67,B,3415
09:40:39,7.66,S,100
09:40:40,7.66,S,800
09:40:40,7.67,B,100
09:40:42,7.67,B,10000
09:40:42,7.66,S,100
09:40:43,7.67,B,800
09:40:44,7.67,B,5685
09:40:44,7.67,B,3000
09:40:44,7.67,B,2000
09:40:44,7.67,B,400
09:40:44,7.67,B,1400
09:40:44,7.67,B,10000
09:40:44,7.67,B,2015
09:40:45,7.67,B,3985
09:40:45,7.67,B,500
09:40:45,7.67,B,2000
09:40:45,7.67,B,600
09:40:45,7.67,B,200
09:40:45,7.67,B,8000
09:40:45,7.67,B,1700
09:40:45,7.67,B,500
09:40:45,7.67,B,1800
09:40:45,7.67,B,200
09:40:45,7.67,B,500
09:40:45,7.67,S,3000
09:40:45,7.68,B,200
09:40:46,7.67,S,2000
09:40:46,7.67,S,2000
09:40:47,7.68,B,200
09:40:47,7.67,S,700
09:40:48,7.67,S,2615
09:40:48,7.67,S,100
09:40:48,7.66,S,9500
09:40:48,7.66,S,3000
09:40:48,7.66,S,300
09:40:48,7.66,S,1100
09:40:48,7.66,S,600
09:40:48,7.66,S,1300
09:40:48,7.65,S,200
09:40:48,7.66,B,1285
09:40:49,7.67,S,3715
09:40:49,7.66,B,6285
09:40:49,7.67,B,500
09:40:49,7.68,B,315
09:40:49,7.67,S,1000
09:40:50,7.66,B,1300
09:40:50,7.66,B,500
09:40:50,7.66,B,200
09:40:50,7.67,B,500
09:40:50,7.67,B,300
09:40:51,7.66,B,100
09:40:51,7.66,B,800
09:40:52,7.66,B,200
09:40:52,7.66,B,300
09:40:52,7.67,B,500
09:40:53,7.66,B,100
09:40:55,7.66,B,900
09:40:55,7.66,B,500
09:40:55,7.67,B,300
09:40:55,7.67,B,400
09:40:55,7.67,B,1000
09:40:56,7.67,B,100
09:40:57,7.67,B,1000
09:40:57,7.67,B,400
09:40:57,7.67,B,400
09:40:57,7.67,B,500
09:40:57,7.67,B,900
09:40:59,7.66,B,500
09:41:00,7.66,B,500
09:41:00,7.66,B,100
09:41:00,7.66,B,100
09:41:01,7.66,B,3500
09:41:01,7.65,S,400
09:41:01,7.66,B,200
09:41:02,7.66,B,5000
09:41:02,7.66,B,1000
09:41:02,7.66,B,1000
09:41:03,7.66,B,2600
09:41:03,7.66,B,100
09:41:03,7.66,B,6600
09:41:05,7.66,B,1000
09:41:05,7.66,B,200
09:41:06,7.65,S,1600
09:41:09,7.65,S,1000
09:41:09,7.66,B,100
09:41:10,7.65,S,1600
09:41:10,7.65,S,2700
09:41:10,7.65,S,6200
09:41:10,7.65,S,1200
09:41:10,7.65,S,1000
09:41:10,7.65,S,18500
09:41:11,7.66,B,200
09:41:11,7.66,B,400
09:41:11,7.66,B,2600
09:41:11,7.66,B,1000
09:41:11,7.66,B,800
09:41:12,7.65,S,1000
09:41:12,7.66,B,600
09:41:12,7.65,S,6400
09:41:12,7.65,S,1200
09:41:12,7.65,S,5300
09:41:12,7.65,S,100
09:41:12,7.65,S,1000
09:41:12,7.65,S,5900
09:41:12,7.65,S,1000
09:41:12,7.65,S,2100
09:41:12,7.65,S,1000
09:41:12,7.65,S,3000
09:41:12,7.65,S,2300
09:41:12,7.65,S,100
09:41:12,7.65,S,2000
09:41:12,7.65,S,2000
09:41:12,7.65,S,300
09:41:12,7.65,S,1800
09:41:12,7.65,S,600
09:41:12,7.65,S,500
09:41:12,7.65,S,1000
09:41:12,7.65,S,100
09:41:12,7.65,S,500
09:41:12,7.65,S,200
09:41:12,7.65,S,2000
09:41:12,7.65,S,900
09:41:12,7.65,S,1000
09:41:12,7.65,S,200
09:41:12,7.65,S,1000
09:41:12,7.65,S,2300
09:41:12,7.65,S,2000
09:41:12,7.65,S,20000
09:41:12,7.65,S,2000
09:41:12,7.65,S,200
09:41:12,7.65,S,300
09:41:12,7.65,S,100
09:41:12,7.65,S,2000
09:41:12,7.65,S,1300
09:41:12,7.65,S,3800
09:41:12,7.65,S,1000
09:41:12,7.65,S,400
09:41:12,7.65,S,400
09:41:12,7.65,S,1000
09:41:12,7.65,S,1000
09:41:12,7.65,S,500
09:41:12,7.65,S,300
09:41:12,7.65,S,1000
09:41:12,7.65,S,4000
09:41:12,7.65,S,300
09:41:12,7.65,S,100
09:41:12,7.65,S,1500
09:41:12,7.65,S,1300
09:41:12,7.65,S,1000
09:41:12,7.65,S,2000
09:41:12,7.65,S,1000
09:41:12,7.65,S,900
09:41:12,7.65,S,400
09:41:12,7.65,S,1000
09:41:12,7.65,S,3000
09:41:12,7.65,S,3000
09:41:12,7.65,S,500
09:41:12,7.65,S,100
09:41:12,7.65,S,1000
09:41:12,7.65,S,1000
09:41:12,7.65,S,500
09:41:12,7.65,S,300
09:41:12,7.65,S,600
09:41:12,7.65,S,500
09:41:12,7.65,S,2000
09:41:13,7.65,B,1000
09:41:13,7.65,B,2000
09:41:14,7.65,B,200
09:41:14,7.64,S,7400
09:41:17,7.65,B,400
09:41:17,7.64,S,7165
09:41:17,7.65,B,500
09:41:18,7.65,B,500
09:41:18,7.64,S,900
09:41:18,7.65,B,5000
09:41:18,7.65,B,200
09:41:20,7.65,B,1000
09:41:20,7.65,B,3000
09:41:21,7.65,B,200
09:41:22,7.65,B,100
09:41:22,7.65,B,300
09:41:22,7.65,B,500
09:41:24,7.65,B,100
09:41:24,7.65,B,2000
09:41:26,7.64,S,300
09:41:26,7.64,S,1000
09:41:26,7.64,S,8600
09:41:26,7.64,S,12000
09:41:26,7.65,B,300
09:41:26,7.64,S,400
09:41:27,7.65,B,2000
09:41:27,7.64,S,10135
09:41:27,7.64,S,100
09:41:27,7.64,S,10000
09:41:27,7.64,S,2600
09:41:27,7.64,S,2700
09:41:27,7.64,S,100
09:41:27,7.64,S,10000
09:41:27,7.64,S,1000
09:41:27,7.64,S,500
09:41:27,7.64,S,1500
09:41:27,7.64,S,100
09:41:27,7.64,S,500
09:41:27,7.64,S,1000
09:41:27,7.64,S,200
09:41:27,7.64,S,400
09:41:27,7.64,S,3000
09:41:27,7.64,S,4700
09:41:27,7.64,S,2800
09:41:27,7.64,S,100
09:41:27,7.64,S,600
09:41:27,7.64,S,3000
09:41:27,7.64,S,4965
09:41:28,7.65,B,1000
09:41:29,7.65,B,500
09:41:30,7.64,S,2000
09:41:30,7.64,S,100
09:41:30,7.64,S,2400
09:41:31,7.64,S,935
09:41:31,7.64,S,100
09:41:31,7.64,S,300
09:41:31,7.64,S,100
09:41:31,7.64,S,1000
09:41:31,7.64,S,1000
09:41:31,7.64,S,1500
09:41:31,7.64,S,1000
09:41:32,7.64,B,1000
09:41:32,7.64,B,38065
09:41:32,7.64,B,200
09:41:32,7.64,B,2800
09:41:32,7.64,B,900
09:41:32,7.65,B,58035
09:41:33,7.65,B,1000
09:41:33,7.63,S,1000
09:41:33,7.63,S,100
09:41:33,7.63,S,300
09:41:33,7.63,S,200
09:41:33,7.63,S,400
09:41:33,7.64,B,500
09:41:35,7.64,B,500
09:41:35,7.64,B,600
09:41:35,7.64,B,2400
09:41:37,7.64,B,400
09:41:38,7.64,B,6500
09:41:39,7.64,B,200
09:41:39,7.63,S,1400
09:41:40,7.63,S,2000
09:41:40,7.64,B,500
09:41:40,7.64,B,100
09:41:41,7.64,B,2900
09:41:41,7.64,B,2100
09:41:41,7.64,B,500
09:41:42,7.64,B,400
09:41:42,7.64,B,500
09:41:42,7.64,B,5000
09:41:43,7.64,B,200
09:41:44,7.64,B,500
09:41:44,7.64,B,700
09:41:45,7.63,S,200
09:41:45,7.63,S,800
09:41:45,7.64,B,600
09:41:45,7.63,S,300
09:41:46,7.63,S,100
09:41:46,7.64,B,500
09:41:47,7.63,S,900
09:41:47,7.64,B,100
09:41:48,7.64,B,200
09:41:48,7.64,B,500
09:41:48,7.63,S,400
09:41:48,7.64,B,100
09:41:49,7.63,S,2500
09:41:49,7.63,S,1000
09:41:49,7.63,S,100
09:41:49,7.63,S,2000
09:41:49,7.63,S,2000
09:41:49,7.63,S,3000
09:41:49,7.63,S,100
09:41:49,7.63,S,2700
09:41:49,7.63,S,100
09:41:49,7.63,S,200
09:41:49,7.63,S,1000
09:41:49,7.63,S,400
09:41:49,7.62,S,500
09:41:49,7.62,S,2800
09:41:49,7.62,S,800
09:41:49,7.62,S,500
09:41:49,7.62,S,600
09:41:49,7.62,S,100
09:41:49,7.62,S,500
09:41:49,7.62,S,500
09:41:49,7.62,S,500
09:41:49,7.62,S,400
09:41:49,7.62,S,500
09:41:49,7.62,S,100
09:41:49,7.62,S,500
09:41:49,7.62,S,100
09:41:49,7.62,S,100
09:41:49,7.62,S,400
09:41:49,7.62,S,3200
09:41:49,7.62,S,300
09:41:49,7.62,S,1000
09:41:49,7.61,S,2700
09:41:49,7.61,S,1600
09:41:49,7.61,S,2500
09:41:49,7.64,B,200
09:41:50,7.64,B,900
09:41:51,7.61,S,100
09:41:52,7.63,B,500
09:41:52,7.63,B,300
09:41:52,7.63,B,100
09:41:53,7.63,B,1000
09:41:54,7.63,B,400
09:41:55,7.63,B,500
09:41:55,7.62,S,6100
09:41:55,7.61,S,800
09:41:55,7.61,S,100
09:41:55,7.61,S,5000
09:41:55,7.61,S,300
09:41:55,7.61,S,4000
09:41:55,7.61,S,2000
09:41:55,7.61,S,3000
09:41:55,7.61,S,1000
09:41:55,7.61,S,1000
09:41:55,7.61,S,1000
09:41:55,7.61,S,300
09:41:55,7.61,S,500
09:41:55,7.61,S,2000
09:41:55,7.61,S,300
09:41:55,7.61,S,100
09:41:55,7.61,S,2000
09:41:55,7.61,S,500
09:41:57,7.62,B,300
09:41:58,7.62,B,100
09:41:59,7.61,S,300
09:41:59,7.61,S,100
09:41:59,7.61,S,500
09:41:59,7.62,B,500
09:41:59,7.62,B,2400
09:42:00,7.62,B,200
09:42:02,7.62,B,500
09:42:02,7.62,B,1500
09:42:03,7.62,B,300
09:42:03,7.61,S,700
09:42:03,7.61,S,100
09:42:03,7.61,S,3000
09:42:03,7.61,S,200
09:42:03,7.61,S,200
09:42:04,7.62,B,1400
09:42:04,7.63,B,1600
09:42:04,7.63,B,3000
09:42:05,7.61,S,1000
09:42:05,7.63,B,5000
09:42:06,7.61,S,10000
09:42:06,7.63,B,100
09:42:06,7.61,S,1200
09:42:07,7.61,S,20000
09:42:07,7.61,S,5000
09:42:07,7.6,S,100
09:42:07,7.6,S,1000
09:42:07,7.6,S,900
09:42:07,7.6,S,600
09:42:07,7.6,S,2000
09:42:07,7.6,S,400
09:42:08,7.62,B,100
09:42:09,7.62,B,900
09:42:09,7.63,B,1900
09:42:09,7.63,B,100
09:42:10,7.61,B,1300
09:42:10,7.61,B,4700
09:42:11,7.61,B,100
09:42:11,7.6,S,100
09:42:11,7.61,B,1900
09:42:11,7.61,B,500
09:42:12,7.61,B,100
09:42:12,7.61,B,400
09:42:12,7.61,B,2600
09:42:12,7.61,B,1400
09:42:12,7.61,B,200
09:42:12,7.61,B,1300
09:42:12,7.61,B,100
09:42:14,7.61,B,200
09:42:14,7.61,B,500
09:42:14,7.61,B,2000
09:42:15,7.61,B,100
09:42:15,7.61,B,200
09:42:15,7.61,B,9000
09:42:15,7.61,B,4000
09:42:15,7.61,B,10000
09:42:15,7.62,B,4000
09:42:15,7.62,B,1300
09:42:15,7.62,B,100
09:42:15,7.62,B,300
09:42:16,7.62,B,1000
09:42:16,7.62,B,1600
09:42:16,7.62,B,1300
09:42:16,7.62,B,1200
09:42:16,7.62,B,400
09:42:16,7.61,S,600
09:42:18,7.62,B,500
09:42:18,7.61,S,2400
09:42:18,7.61,S,1000
09:42:18,7.6,S,1000
09:42:18,7.6,S,1000
09:42:18,7.6,S,3000
09:42:18,7.6,S,1000
09:42:18,7.6,S,100
09:42:18,7.6,S,500
09:42:19,7.61,S,400
09:42:19,7.61,S,200
09:42:20,7.62,B,1000
09:42:20,7.61,S,4000
09:42:21,7.62,B,100
09:42:21,7.62,B,400
09:42:21,7.61,S,400
09:42:21,7.61,S,1000
09:42:21,7.61,S,500
09:42:21,7.61,S,100
09:42:22,7.62,B,400
09:42:22,7.63,B,2100
09:42:22,7.61,S,700
09:42:22,7.61,S,500
09:42:22,7.61,S,200
09:42:22,7.61,B,100
09:42:22,7.61,B,7200
09:42:23,7.61,B,1300
09:42:24,7.62,B,700
09:42:25,7.62,B,700
09:42:25,7.62,B,600
09:42:25,7.63,B,200
09:42:25,7.63,B,100
09:42:26,7.62,S,1300
09:42:26,7.61,S,1700
09:42:26,7.61,S,1000
09:42:27,7.63,B,1300
09:42:28,7.63,B,500
09:42:28,7.63,B,1000
09:42:28,7.63,B,100
09:42:28,7.62,S,200
09:42:28,7.61,S,1000
09:42:28,7.61,S,1300
09:42:29,7.61,S,200
09:42:31,7.62,B,1700
09:42:31,7.62,S,1300
09:42:31,7.61,S,2700
09:42:31,7.62,B,300
09:42:32,7.61,S,1000
09:42:33,7.61,S,700
09:42:33,7.61,S,500
09:42:34,7.61,S,5800
09:42:34,7.62,B,200
09:42:36,7.61,S,3700
09:42:36,7.61,S,1300
09:42:36,7.61,S,500
09:42:36,7.61,S,3500
09:42:36,7.61,S,400
09:42:36,7.61,S,500
09:42:36,7.61,S,3000
09:42:36,7.61,S,4100
09:42:37,7.62,B,300
09:42:37,7.61,S,1900
09:42:37,7.61,S,2000
09:42:37,7.61,S,100
09:42:37,7.61,S,200
09:42:38,7.61,S,1000
09:42:38,7.61,S,500
09:42:38,7.62,B,700
09:42:38,7.62,B,900
09:42:38,7.61,S,1100
09:42:39,7.62,B,1200
09:42:39,7.62,S,800
09:42:39,7.61,S,8300
09:42:39,7.61,S,900
09:42:39,7.62,B,3300
09:42:39,7.62,B,2000
09:42:40,7.62,B,2900
09:42:40,7.61,S,1800
09:42:40,7.61,S,1000
09:42:40,7.61,S,200
09:42:40,7.61,S,4000
09:42:40,7.61,S,6800
09:42:40,7.61,S,100
09:42:40,7.61,S,500
09:42:40,7.61,S,1000
09:42:40,7.61,S,500
09:42:40,7.61,S,100
09:42:40,7.61,S,1000
09:42:40,7.61,B,200
09:42:41,7.61,B,100
09:42:42,7.61,B,2300
09:42:42,7.6,S,100
09:42:42,7.61,B,3800
09:42:42,7.61,B,200
09:42:43,7.61,B,1400
09:42:43,7.61,B,500
09:42:43,7.61,B,800
09:42:44,7.61,S,500
09:42:45,7.61,S,100
09:42:46,7.61,S,300
09:42:46,7.61,S,2000
09:42:47,7.62,B,2100
09:42:47,7.62,B,100
09:42:47,7.62,B,300
09:42:47,7.62,B,300
09:42:47,7.61,S,100
09:42:47,7.61,S,3600
09:42:48,7.61,S,500
09:42:49,7.61,S,200
09:42:49,7.61,S,3300
09:42:50,7.61,S,200
09:42:50,7.61,S,300
09:42:50,7.61,S,1000
09:42:51,7.62,B,200
09:42:52,7.62,B,100
09:42:52,7.62,B,1000
09:42:52,7.62,B,1600
09:42:53,7.61,S,200
09:42:53,7.61,S,1800
09:42:53,7.61,S,2600
09:42:53,7.62,B,300
09:42:53,7.62,B,500
09:42:54,7.61,S,600
09:42:54,7.61,S,200
09:42:54,7.61,S,100
09:42:55,7.62,B,800
09:42:56,7.62,S,1200
09:42:56,7.62,S,2800
09:42:56,7.62,S,200
09:42:56,7.62,S,800
09:42:56,7.62,S,100
09:42:56,7.61,S,400
09:42:56,7.63,B,900
09:42:56,7.62,S,200
09:42:56,7.61,S,1800
09:42:57,7.61,S,3500
09:42:57,7.63,B,400
09:42:57,7.61,S,1500
09:42:58,7.62,S,300
09:42:58,7.62,S,100
09:42:58,7.62,S,200
09:42:58,7.62,S,300
09:42:58,7.61,S,400
09:42:59,7.61,S,100
09:42:59,7.62,S,100
09:42:59,7.62,S,2000
09:43:00,7.62,S,200
09:43:03,7.62,S,2000
09:43:03,7.63,B,500
09:43:03,7.62,S,300
09:43:04,7.62,S,100
09:43:04,7.62,S,300
09:43:04,7.62,S,700
09:43:05,7.62,S,300
09:43:05,7.62,S,400
09:43:05,7.62,S,2600
09:43:05,7.62,S,100
09:43:06,7.62,S,300
09:43:06,7.62,S,2000
09:43:06,7.62,S,1500
09:43:06,7.62,S,20000
09:43:06,7.62,S,1500
09:43:07,7.61,S,6300
09:43:07,7.61,S,1100
09:43:07,7.61,S,1000
09:43:07,7.61,S,400
09:43:07,7.61,S,2000
09:43:07,7.61,S,1300
09:43:08,7.62,B,1000
09:43:10,7.62,B,500
09:43:10,7.61,S,300
09:43:10,7.61,S,1000
09:43:10,7.62,B,3200
09:43:10,7.63,B,4200
09:43:10,7.63,B,6600
09:43:11,7.62,S,100
09:43:11,7.61,S,4900
09:43:13,7.62,S,1000
09:43:13,7.62,S,5000
09:43:13,7.62,S,1000
09:43:14,7.63,B,400
09:43:14,7.62,S,900
09:43:14,7.62,S,100
09:43:15,7.63,B,100
09:43:15,7.62,S,300
09:43:15,7.62,S,400
09:43:15,7.62,S,1200
09:43:15,7.62,S,11300
09:43:15,7.62,S,1700
09:43:16,7.62,S,1000
09:43:16,7.62,S,300
09:43:16,7.62,S,2000
09:43:16,7.62,S,2000
09:43:16,7.62,S,2000
09:43:16,7.61,S,2500
09:43:16,7.61,S,2000
09:43:16,7.61,S,700
09:43:16,7.62,B,500
09:43:17,7.62,B,100
09:43:17,7.62,B,10000
09:43:18,7.62,B,10000
09:43:18,7.62,B,900
09:43:18,7.62,B,1000
09:43:18,7.62,B,10000
09:43:19,7.62,B,10000
09:43:20,7.62,B,1200
09:43:20,7.62,B,930
09:43:20,7.62,B,1070
09:43:20,7.62,B,100
09:43:21,7.61,S,600
09:43:21,7.61,S,2400
09:43:22,7.62,B,20000
09:43:23,7.62,B,1000
09:43:23,7.62,B,200
09:43:24,7.62,B,5800
09:43:24,7.61,S,5600
09:43:24,7.61,S,2400
09:43:24,7.62,B,3000
09:43:26,7.62,B,2000
09:43:26,7.62,B,600
09:43:26,7.62,B,5000
09:43:27,7.62,B,1300
09:43:27,7.62,B,100
09:43:28,7.61,S,300
09:43:28,7.61,S,400
09:43:28,7.61,S,600
09:43:28,7.61,S,700
09:43:28,7.62,B,400
09:43:28,7.61,S,9400
09:43:28,7.61,S,300
09:43:28,7.61,S,1000
09:43:28,7.61,S,2000
09:43:28,7.61,S,600
09:43:28,7.61,S,200
09:43:28,7.61,S,500
09:43:28,7.61,S,3000
09:43:28,7.61,S,3100
09:43:28,7.61,S,100
09:43:28,7.61,S,100
09:43:28,7.61,S,2500
09:43:28,7.61,S,1000
09:43:28,7.61,S,500
09:43:28,7.61,S,500
09:43:28,7.61,S,5000
09:43:28,7.61,S,200
09:43:29,7.62,B,2400
09:43:29,7.62,B,400
09:43:29,7.62,B,100
09:43:29,7.62,B,5900
09:43:30,7.61,S,500
09:43:30,7.61,S,500
09:43:30,7.62,B,100
09:43:31,7.62,B,200
09:43:31,7.61,S,500
09:43:31,7.61,S,500
09:43:31,7.61,S,1000
09:43:31,7.61,S,500
09:43:31,7.61,S,200
09:43:31,7.62,B,3500
09:43:32,7.62,B,2700
09:43:32,7.62,B,1000
09:43:33,7.61,S,2300
09:43:33,7.62,B,20000
09:43:33,7.62,B,2000
09:43:33,7.62,B,700
09:43:34,7.62,B,700
09:43:34,7.61,S,1000
09:43:34,7.61,S,200
09:43:34,7.61,S,400
09:43:34,7.61,S,200
09:43:34,7.61,S,100
09:43:34,7.61,S,3000
09:43:34,7.61,S,3800
09:43:34,7.61,S,200
09:43:35,7.62,B,3100
09:43:36,7.61,S,1000
09:43:36,7.61,S,1000
09:43:36,7.62,B,3000
09:43:37,7.62,B,100
09:43:38,7.62,B,200
09:43:39,7.61,S,100
09:43:40,7.62,B,700
09:43:40,7.62,B,6000
09:43:40,7.62,B,1000
09:43:41,7.62,B,30000
09:43:42,7.62,B,500
09:43:42,7.62,B,2000
09:43:42,7.61,S,1000
09:43:42,7.61,S,200
09:43:42,7.61,S,100
09:43:43,7.61,S,100
09:43:43,7.62,B,800
09:43:44,7.62,B,1000
09:43:45,7.61,S,800
09:43:45,7.62,B,200
09:43:45,7.62,B,20000
09:43:46,7.62,B,5000
09:43:48,7.62,B,1000
09:43:48,7.62,B,600
09:43:48,7.62,B,1000
09:43:48,7.62,B,400
09:43:48,7.62,B,300
09:43:48,7.61,S,200
09:43:48,7.61,S,1300
09:43:48,7.61,S,2000
09:43:48,7.61,S,1000
09:43:48,7.61,S,500
09:43:48,7.61,S,100
09:43:48,7.61,S,200
09:43:48,7.61,S,400
09:43:48,7.61,S,1000
09:43:48,7.61,S,1500
09:43:48,7.61,S,500
09:43:49,7.61,S,1500
09:43:49,7.62,B,400
09:43:50,7.61,S,1000
09:43:50,7.61,S,500
09:43:50,7.61,S,300
09:43:50,7.61,S,400
09:43:50,7.61,S,4000
09:43:50,7.61,S,4800
09:43:50,7.61,S,6000
09:43:51,7.61,S,1000
09:43:51,7.62,B,3000
09:43:52,7.61,S,2000
09:43:53,7.62,B,200
09:43:55,7.62,B,100
09:43:55,7.61,S,9200
09:43:55,7.61,S,2000
09:43:55,7.61,S,5000
09:43:55,7.61,S,3000
09:43:55,7.61,S,800
09:43:55,7.62,B,600
09:43:55,7.62,B,100
09:43:56,7.62,B,100
09:43:56,7.61,S,500
09:43:56,7.61,S,1500
09:43:56,7.61,S,200
09:43:56,7.62,B,1000
09:43:57,7.62,B,19500
09:43:57,7.61,S,1000
09:43:57,7.62,B,2000
09:43:58,7.61,S,500
09:43:58,7.62,B,30000
09:43:58,7.61,S,4500
09:43:58,7.61,S,100
09:43:58,7.61,S,400
09:43:59,7.62,B,2000
09:44:00,7.61,S,300
09:44:00,7.61,S,600
09:44:00,7.61,S,600
09:44:00,7.61,S,1800
09:44:00,7.61,S,500
09:44:00,7.61,S,3500
09:44:00,7.61,S,800
09:44:00,7.61,S,700
09:44:00,7.61,S,400
09:44:00,7.61,S,300
09:44:00,7.61,S,1500
09:44:01,7.61,S,10000
09:44:01,7.61,S,300
09:44:01,7.61,S,400
09:44:01,7.62,B,930
09:44:01,7.62,B,1570
09:44:02,7.61,S,1000
09:44:02,7.61,S,600
09:44:03,7.62,B,300
09:44:03,7.61,S,500
09:44:03,7.62,B,1000
09:44:04,7.62,B,430
09:44:04,7.62,B,500
09:44:04,7.62,B,600
09:44:04,7.62,B,1870
09:44:04,7.62,B,200
09:44:04,7.62,B,1000
09:44:05,7.61,S,3000
09:44:05,7.61,S,2400
09:44:06,7.61,S,1000
09:44:06,7.62,B,500
09:44:06,7.62,B,900
09:44:06,7.62,B,600
09:44:06,7.61,S,1000
09:44:07,7.61,S,1000
09:44:07,7.61,S,900
09:44:07,7.61,S,300
09:44:08,7.61,S,500
09:44:08,7.62,B,1000
09:44:09,7.61,S,5900
09:44:09,7.62,B,100
09:44:09,7.62,B,3000
09:44:09,7.61,S,500
09:44:10,7.62,B,300
09:44:10,7.62,B,530
09:44:10,7.62,B,9470
09:44:12,7.62,B,6230
09:44:12,7.62,B,100
09:44:12,7.62,B,100
09:44:12,7.62,B,1700
09:44:12,7.62,B,100
09:44:12,7.62,B,900
09:44:12,7.62,B,200
09:44:12,7.62,B,400
09:44:12,7.62,B,200
09:44:12,7.62,B,7000
09:44:12,7.62,B,3000
09:44:12,7.62,B,30070
09:44:12,7.61,S,200
09:44:12,7.61,S,100
09:44:13,7.62,B,1000
09:44:14,7.62,B,1000
09:44:15,7.61,S,100
09:44:16,7.61,S,3200
09:44:16,7.61,S,10000
09:44:16,7.61,S,1100
09:44:16,7.61,S,1000
09:44:16,7.61,S,8000
09:44:16,7.61,S,500
09:44:16,7.61,S,500
09:44:16,7.61,S,300
09:44:16,7.61,S,1300
09:44:16,7.61,S,2000
09:44:16,7.61,S,2100
09:44:16,7.62,B,1000
09:44:17,7.61,S,300
09:44:17,7.61,S,300
09:44:19,7.61,S,270
09:44:20,7.61,S,730
09:44:20,7.61,S,3000
09:44:20,7.61,S,3470
09:44:21,7.61,S,100
09:44:21,7.62,B,1000
09:44:21,7.62,B,2000
09:44:21,7.62,B,13930
09:44:21,7.62,B,100
09:44:21,7.62,B,50000
09:44:21,7.62,B,5000
09:44:21,7.62,B,100
09:44:21,7.62,B,5000
09:44:21,7.62,B,200
09:44:21,7.62,B,1600
09:44:21,7.62,B,1700
09:44:21,7.62,B,2000
09:44:21,7.62,B,4600
09:44:21,7.62,B,15770
09:44:21,7.61,S,2430
09:44:21,7.61,S,3000
09:44:21,7.61,S,500
09:44:21,7.61,S,1000
09:44:21,7.61,S,2000
09:44:21,7.61,S,500
09:44:21,7.61,S,4000
09:44:21,7.61,S,10000
09:44:21,7.61,S,9400
09:44:21,7.61,S,1500
09:44:21,7.61,S,400
09:44:21,7.61,S,10000
09:44:21,7.61,S,5000
09:44:21,7.61,S,100
09:44:21,7.61,S,100
09:44:21,7.61,S,170
09:44:22,7.61,S,2000
09:44:23,7.61,S,17830
09:44:23,7.61,S,170
09:44:23,7.61,S,200
09:44:24,7.62,B,400
09:44:25,7.62,B,11500
09:44:25,7.61,S,300
09:44:27,7.62,B,2330
09:44:27,7.62,B,200
09:44:27,7.62,B,2970
09:44:28,7.61,S,400
09:44:28,7.62,B,1000
09:44:28,7.61,S,3930
09:44:28,7.61,S,2000
09:44:28,7.61,S,500
09:44:28,7.61,S,3570
09:44:29,7.62,B,6930
09:44:29,7.62,B,400
09:44:29,7.62,B,100
09:44:29,7.62,B,100
09:44:29,7.62,B,1000
09:44:29,7.62,B,100
09:44:29,7.62,B,750
09:44:29,7.62,B,1000
09:44:29,7.62,B,1700
09:44:29,7.62,B,500
09:44:29,7.62,B,720
09:44:29,7.62,B,2000
09:44:29,7.61,S,100
09:44:29,7.61,S,4130
09:44:29,7.61,S,2970
09:44:30,7.61,S,2030
09:44:30,7.61,S,600
09:44:30,7.61,S,470
09:44:30,7.61,S,1000
09:44:30,7.61,S,1530
09:44:30,7.61,S,3000
09:44:30,7.61,B,500
09:44:32,7.61,B,1000
09:44:32,7.61,B,100
09:44:32,7.61,B,300
09:44:33,7.61,B,5000
09:44:34,7.61,B,600
09:44:34,7.61,B,1000
09:44:34,7.61,B,400
09:44:35,7.6,S,1000
09:44:35,7.61,B,1000
09:44:36,7.61,B,100
09:44:36,7.61,B,500
09:44:36,7.61,B,10000
09:44:37,7.61,B,600
