Time,Price,BuySell,Volume
09:25:01,5.89,B,50
09:25:01,5.89,B,50
09:25:01,5.89,B,200
09:25:01,5.89,B,2300
09:25:01,5.89,B,100
09:25:01,5.89,B,100
09:25:01,5.89,B,300
09:25:01,5.89,B,400
09:25:01,5.89,S,1500
09:25:01,5.89,S,500
09:25:01,5.89,S,1000
09:25:01,5.89,S,10000
09:25:01,5.89,S,100
09:25:01,5.89,S,100
09:25:01,5.89,S,1100
09:25:01,5.89,S,5000
09:25:01,5.89,S,100
09:25:01,5.89,S,900
09:25:01,5.89,S,2700
09:25:01,5.89,S,400
09:25:01,5.89,S,900
09:25:01,5.89,S,800
09:25:01,5.89,B,100
09:25:01,5.89,S,100
09:25:01,5.89,S,500
09:25:01,5.89,S,100
09:25:01,5.89,S,7300
09:25:01,5.89,S,100
09:25:01,5.89,S,200
09:25:01,5.89,B,100
09:25:01,5.89,B,500
09:25:01,5.89,B,100
09:25:01,5.89,B,300
09:25:01,5.89,B,600
09:25:01,5.89,B,400
09:25:01,5.89,B,100
09:25:01,5.89,B,100
09:25:01,5.89,B,200
09:25:01,5.89,B,100
09:25:01,5.89,B,400
09:25:01,5.89,B,600
09:25:01,5.89,B,100
09:25:01,5.89,B,8800
09:25:01,5.89,B,500
09:25:01,5.89,B,200
09:25:01,5.89,B,200
09:25:01,5.89,B,200
09:25:01,5.89,B,1000
09:25:01,5.89,B,800
09:25:01,5.89,S,1700
09:25:01,5.89,B,1000
09:25:01,5.89,B,1000
09:25:01,5.89,B,1000
09:25:01,5.89,B,600
09:25:01,5.89,B,800
09:25:01,5.89,B,100
09:25:01,5.89,B,300
09:25:01,5.89,B,500
09:25:01,5.89,B,200
09:25:01,5.89,B,1000
09:25:01,5.89,B,1300
09:25:01,5.89,B,100
09:25:01,5.89,B,100
09:25:01,5.89,B,300
09:25:01,5.89,B,3000
09:25:01,5.89,B,1900
09:25:01,5.89,B,100
09:25:01,5.89,B,100
09:25:01,5.89,B,300
09:25:01,5.89,B,1700
09:25:01,5.89,B,200
09:25:01,5.89,B,1000
09:25:01,5.89,B,1500
09:25:01,5.89,S,2500
09:25:01,5.89,S,500
09:25:01,5.89,S,400
09:25:01,5.89,S,200
09:25:01,5.89,S,1000
09:25:01,5.89,S,1400
09:25:01,5.89,S,8600
09:25:01,5.89,S,100
09:25:01,5.89,S,1300
09:25:01,5.89,B,1200
09:25:01,5.89,B,500
09:25:01,5.89,B,100
09:25:01,5.89,B,1500
09:25:01,5.89,B,200
09:25:01,5.89,B,700
09:25:01,5.89,B,3000
09:25:01,5.89,B,800
09:25:01,5.89,B,200
09:25:01,5.89,B,100
09:25:01,5.89,B,100
09:25:01,5.89,B,300
09:25:01,5.89,B,100
09:25:01,5.89,B,1000
09:25:01,5.89,B,5000
09:25:01,5.89,B,5000
09:30:00,5.89,B,2900
09:30:00,5.89,B,500
09:30:00,5.89,B,100
09:30:00,5.89,B,400
09:30:00,5.89,B,300
09:30:00,5.89,B,800
09:30:02,5.89,B,900
09:30:02,5.89,B,100
09:30:02,5.89,B,100
09:30:02,5.89,B,200
09:30:02,5.89,B,400
09:30:02,5.89,B,400
09:30:02,5.89,B,100
09:30:02,5.89,B,200
09:30:02,5.89,B,200
09:30:02,5.89,B,3000
09:30:02,5.89,B,200
09:30:02,5.89,B,1000
09:30:02,5.89,B,1000
09:30:02,5.89,B,200
09:30:02,5.89,B,300
09:30:02,5.89,B,100
09:30:02,5.89,B,1000
09:30:02,5.89,B,1400
09:30:02,5.89,B,100
09:30:02,5.89,B,100
09:30:02,5.89,B,800
09:30:02,5.89,B,100
09:30:02,5.89,B,900
09:30:02,5.89,B,1000
09:30:02,5.89,B,6500
09:30:02,5.89,B,1800
09:30:02,5.89,B,100
09:30:02,5.89,B,900
09:30:02,5.88,S,2000
09:30:02,5.88,S,8000
09:30:02,5.89,B,100
09:30:02,5.89,B,2000
09:30:02,5.89,B,400
09:30:02,5.89,B,200
09:30:02,5.89,B,100
09:30:02,5.89,B,2000
09:30:02,5.89,B,21000
09:30:02,5.89,B,4300
09:30:02,5.89,B,800
09:30:02,5.89,B,14900
09:30:02,5.89,S,2000
09:30:02,5.89,S,200
09:30:02,5.9,B,2000
09:30:02,5.9,B,400
09:30:02,5.9,B,100
09:30:02,5.9,B,2500
09:30:02,5.89,S,200
09:30:03,5.89,S,14600
09:30:03,5.89,S,1000
09:30:03,5.89,S,1200
09:30:03,5.88,S,10000
09:30:03,5.88,S,900
09:30:03,5.88,S,2000
09:30:03,5.88,S,1000
09:30:03,5.88,S,10000
09:30:03,5.88,S,500
09:30:03,5.88,S,100
09:30:03,5.88,S,100
09:30:03,5.87,S,100
09:30:03,5.87,S,100
09:30:03,5.87,S,1000
09:30:03,5.87,S,200
09:30:03,5.87,S,100
09:30:03,5.87,S,900
09:30:03,5.87,S,1200
09:30:03,5.89,S,800
09:30:03,5.87,S,100
09:30:03,5.88,B,4200
09:30:03,5.89,S,200
09:30:03,5.89,S,2600
09:30:03,5.89,S,3000
09:30:03,5.89,S,100
09:30:04,5.89,S,2000
09:30:04,5.9,B,2500
09:30:04,5.9,S,1000
09:30:04,5.9,S,300
09:30:04,5.9,S,300
09:30:04,5.9,S,300
09:30:05,5.9,S,2000
09:30:05,5.9,S,3600
09:30:05,5.89,S,1400
09:30:05,5.9,S,600
09:30:05,5.9,S,500
09:30:06,5.89,S,300
09:30:06,5.89,S,1500
09:30:06,5.89,S,300
09:30:06,5.89,S,4500
09:30:07,5.89,S,500
09:30:07,5.9,B,900
09:30:07,5.89,S,2000
09:30:07,5.89,S,1000
09:30:07,5.9,B,700
09:30:08,5.89,S,500
09:30:08,5.89,S,2000
09:30:08,5.89,S,400
09:30:08,5.9,B,5000
09:30:08,5.89,S,300
09:30:09,5.89,S,400
09:30:11,5.9,S,100
09:30:11,5.9,S,300
09:30:11,5.9,S,100
09:30:12,5.9,S,9500
09:30:12,5.89,S,100
09:30:14,5.89,S,2000
09:30:15,5.91,B,200
09:30:15,5.91,B,200
09:30:15,5.89,S,5000
09:30:18,5.89,S,100
09:30:18,5.89,S,800
09:30:22,5.91,B,500
09:30:23,5.91,B,500
09:30:26,5.91,B,100
09:30:27,5.9,S,1000
09:30:28,5.9,S,500
09:30:28,5.9,S,2100
09:30:28,5.9,S,700
09:30:28,5.89,S,16700
09:30:34,5.9,S,2600
09:30:35,5.91,B,1700
09:30:35,5.91,B,600
09:30:39,5.9,S,10100
09:30:39,5.9,S,1500
09:30:39,5.9,S,3700
09:30:40,5.91,B,100
09:30:44,5.91,S,200
09:30:45,5.93,B,100
09:30:45,5.93,B,200
09:30:45,5.93,B,900
09:30:45,5.93,B,800
09:30:47,5.91,S,800
09:30:49,5.91,S,400
09:30:49,5.91,S,300
09:30:49,5.91,S,2700
09:30:51,5.91,S,800
09:30:53,5.91,S,100
09:30:55,5.91,S,1000
09:30:57,5.93,B,500
09:30:57,5.91,S,400
09:30:58,5.91,S,2000
09:30:59,5.92,S,2000
09:30:59,5.91,S,3000
09:30:59,5.91,S,700
09:30:59,5.91,S,3400
09:30:59,5.91,S,1000
09:30:59,5.91,S,100
09:30:59,5.91,S,2500
09:30:59,5.91,S,3000
09:30:59,5.91,S,1000
09:30:59,5.91,S,500
09:30:59,5.91,S,12800
09:31:00,5.93,B,1000
09:31:00,5.93,B,7700
09:31:00,5.93,B,10000
09:31:03,5.93,S,1400
09:31:06,5.93,S,100
09:31:08,5.93,S,200
09:31:08,5.93,S,600
09:31:08,5.93,S,400
09:31:08,5.93,S,100
09:31:08,5.93,S,7300
09:31:09,5.93,S,2700
09:31:09,5.93,S,100
09:31:09,5.93,S,200
09:31:11,5.93,S,800
09:31:11,5.93,S,200
09:31:11,5.93,S,1000
09:31:11,5.93,S,1000
09:31:11,5.93,S,10000
09:31:11,5.93,S,1000
09:31:12,5.93,B,500
09:31:13,5.93,B,10000
09:31:13,5.93,B,5500
09:31:13,5.93,B,8700
09:31:13,5.94,B,500
09:31:13,5.94,B,4600
09:31:13,5.94,B,5000
09:31:13,5.94,B,20000
09:31:13,5.94,B,1000
09:31:14,5.94,S,1900
09:31:18,5.94,S,500
09:31:23,5.94,S,32900
09:31:24,5.94,S,6000
09:31:27,5.94,S,13400
09:31:27,5.94,S,1000
09:31:27,5.94,S,1500
09:31:27,5.93,S,600
09:31:27,5.93,S,200
09:31:27,5.93,S,5000
09:31:27,5.93,S,10000
09:31:27,5.93,S,1200
09:31:27,5.93,S,1300
09:31:27,5.93,B,500
09:31:28,5.93,B,2000
09:31:29,5.93,B,200
09:31:29,5.93,B,300
09:31:30,5.93,B,2700
09:31:30,5.93,B,1500
09:31:30,5.93,B,500
09:31:31,5.93,B,800
09:31:31,5.93,B,300
09:31:31,5.93,B,600
09:31:31,5.95,B,1100
09:31:35,5.95,B,700
09:31:35,5.95,B,1300
09:31:37,5.95,B,2100
09:31:38,5.94,S,2000
09:31:38,5.94,S,200
09:31:38,5.94,S,800
09:31:38,5.95,B,500
09:31:38,5.94,S,2200
09:31:39,5.94,B,400
09:31:40,5.94,B,100
09:31:43,5.94,B,1000
09:31:44,5.94,B,800
09:31:45,5.93,S,900
09:31:46,5.94,B,200
09:31:46,5.94,B,4500
09:31:46,5.94,B,5000
09:31:46,5.94,B,100
09:31:48,5.94,B,3900
09:31:49,5.94,B,3500
09:31:50,5.94,B,1000
09:31:51,5.93,S,500
09:31:51,5.93,S,400
09:31:52,5.93,S,700
09:31:52,5.93,S,2500
09:31:52,5.93,S,2100
09:31:52,5.93,S,6200
09:31:52,5.93,S,500
09:31:52,5.93,S,100
09:31:52,5.93,S,1000
09:31:52,5.93,S,5000
09:31:53,5.93,B,100
09:31:53,5.93,B,100
09:31:53,5.93,B,100
09:31:55,5.93,B,100
09:31:56,5.93,B,900
09:31:58,5.92,S,1000
09:31:58,5.92,S,300
09:31:58,5.92,S,200
09:32:00,5.93,B,2000
09:32:00,5.93,B,100
09:32:00,5.93,B,1000
09:32:00,5.93,B,1000
09:32:00,5.93,B,500
09:32:02,5.93,B,500
09:32:03,5.93,B,2000
09:32:04,5.93,B,500
09:32:05,5.92,S,9800
09:32:05,5.92,S,1600
09:32:05,5.92,S,500
09:32:05,5.92,S,2000
09:32:05,5.92,S,1300
09:32:05,5.92,S,2800
09:32:05,5.92,S,4700
09:32:05,5.92,B,1200
09:32:06,5.91,S,5000
09:32:07,5.92,B,40300
09:32:07,5.93,B,14300
09:32:07,5.93,B,500
09:32:07,5.93,B,5000
09:32:07,5.93,B,30500
09:32:07,5.93,B,100
09:32:07,5.93,B,2000
09:32:07,5.94,B,107300
09:32:08,5.94,B,1000
09:32:09,5.94,B,200
09:32:11,5.93,S,500
09:32:11,5.93,S,1000
09:32:12,5.94,B,2500
09:32:12,5.93,S,500
09:32:12,5.93,S,1500
09:32:12,5.93,S,500
09:32:14,5.94,B,100
09:32:15,5.93,B,1000
09:32:16,5.92,S,1000
09:32:16,5.92,S,2000
09:32:16,5.92,S,7100
09:32:19,5.93,B,1000
09:32:20,5.93,B,1000
09:32:20,5.93,B,600
09:32:20,5.93,B,1000
09:32:20,5.93,B,1000
09:32:20,5.93,S,2000
09:32:22,5.93,S,200
09:32:22,5.93,S,4200
09:32:22,5.93,S,600
09:32:22,5.93,S,600
09:32:22,5.93,S,2000
09:32:22,5.92,S,2500
09:32:23,5.93,B,500
09:32:23,5.93,B,100
09:32:23,5.92,S,100
09:32:23,5.93,B,400
09:32:24,5.94,B,100
09:32:24,5.93,S,600
09:32:24,5.93,S,400
09:32:24,5.93,S,1500
09:32:26,5.93,S,500
09:32:26,5.93,S,1200
09:32:27,5.94,B,200
09:32:27,5.93,S,3800
09:32:27,5.92,S,300
09:32:27,5.92,S,3100
09:32:27,5.92,S,1000
09:32:27,5.92,S,10000
09:32:27,5.92,S,100
09:32:27,5.91,S,1200
09:32:27,5.91,S,10000
09:32:27,5.91,S,500
09:32:27,5.91,S,1000
09:32:27,5.91,S,500
09:32:27,5.91,S,8500
09:32:27,5.94,B,600
09:32:27,5.91,S,800
09:32:28,5.92,B,200
09:32:29,5.93,S,300
09:32:29,5.92,B,600
09:32:29,5.92,B,1000
09:32:30,5.92,B,2000
09:32:31,5.92,B,100
09:32:32,5.93,B,1300
09:32:33,5.93,B,200
09:32:33,5.92,S,100
09:32:33,5.91,S,700
09:32:33,5.91,S,200
09:32:36,5.92,S,300
09:32:37,5.92,S,700
09:32:37,5.92,B,3300
09:32:37,5.93,B,700
09:32:38,5.93,B,100
09:32:39,5.92,B,100
09:32:39,5.93,B,2100
09:32:39,5.93,B,1000
09:32:39,5.93,B,1900
09:32:39,5.92,S,300
09:32:43,5.93,B,3100
09:32:43,5.93,B,100
09:32:43,5.93,S,1800
09:32:43,5.92,S,700
09:32:43,5.92,S,100
09:32:44,5.92,B,1900
09:32:44,5.92,B,600
09:32:44,5.92,B,1200
09:32:44,5.92,B,500
09:32:45,5.92,B,200
09:32:45,5.92,B,900
09:32:45,5.92,B,100
09:32:46,5.92,B,600
09:32:46,5.92,B,700
09:32:47,5.92,B,3000
09:32:47,5.92,B,500
09:32:47,5.92,B,1000
09:32:47,5.93,B,500
09:32:47,5.93,B,2000
09:32:47,5.93,B,500
09:32:50,5.93,S,500
09:32:51,5.93,S,4000
09:32:51,5.93,S,500
09:32:53,5.93,S,500
09:32:53,5.92,S,100
09:32:53,5.92,S,5000
09:32:53,5.92,S,100
09:32:53,5.92,S,5000
09:32:53,5.92,S,600
09:32:53,5.92,S,900
09:32:53,5.92,S,4000
09:32:53,5.91,S,1800
09:32:53,5.91,S,3000
09:32:53,5.91,S,1000
09:32:53,5.91,S,8000
09:32:53,5.91,S,2000
09:32:53,5.91,S,500
09:32:53,5.91,S,3000
09:32:53,5.91,S,1500
09:32:53,5.91,S,1000
09:32:53,5.91,S,100
09:32:53,5.91,S,2000
09:32:53,5.91,S,400
09:32:53,5.91,S,20000
09:32:53,5.91,S,300
09:32:53,5.9,S,6300
09:32:53,5.9,S,2000
09:32:53,5.9,S,700
09:32:53,5.9,S,2000
09:32:53,5.9,S,1500
09:32:53,5.9,S,1500
09:32:53,5.9,S,700
09:32:53,5.9,S,1000
09:32:53,5.9,S,700
09:32:53,5.9,S,2100
09:32:53,5.9,S,500
09:32:53,5.9,S,700
09:32:53,5.9,S,2000
09:32:53,5.9,S,700
09:32:53,5.9,S,3000
09:32:53,5.9,S,500
09:32:53,5.9,S,700
09:32:53,5.9,S,700
09:32:53,5.9,S,1000
09:32:53,5.9,S,6000
09:32:53,5.9,S,3000
09:32:53,5.9,S,2000
09:32:54,5.92,S,1000
09:32:55,5.92,B,2000
09:32:57,5.92,B,2000
09:32:57,5.92,B,4300
09:32:57,5.92,B,1500
09:32:57,5.92,B,2000
09:32:57,5.92,S,1000
09:32:58,5.93,B,5000
09:32:58,5.93,B,44000
09:32:58,5.93,S,1000
09:32:59,5.93,S,500
09:32:59,5.93,S,1600
09:32:59,5.93,S,500
09:33:00,5.93,S,100
09:33:00,5.93,S,4900
09:33:02,5.94,B,1000
09:33:07,5.94,B,500
09:33:07,5.94,B,500
09:33:08,5.93,S,4700
09:33:10,5.93,S,500
09:33:10,5.93,S,20000
09:33:10,5.93,S,10100
09:33:10,5.93,S,100
09:33:10,5.93,S,1700
09:33:10,5.93,S,3000
09:33:10,5.93,S,200
09:33:13,5.92,S,1200
09:33:13,5.92,S,700
09:33:14,5.93,B,1200
09:33:15,5.93,B,1000
09:33:17,5.93,B,1000
09:33:18,5.93,B,3300
09:33:19,5.93,B,1000
09:33:20,5.93,B,2000
09:33:21,5.93,B,1000
09:33:22,5.92,S,100
09:33:22,5.92,S,500
09:33:22,5.92,S,100
09:33:22,5.93,B,100
09:33:22,5.93,B,100
09:33:22,5.92,S,200
09:33:23,5.93,B,2000
09:33:24,5.93,B,500
09:33:25,5.93,B,2100
09:33:25,5.93,B,1000
09:33:25,5.93,B,4000
09:33:25,5.93,B,1000
09:33:25,5.93,B,3000
09:33:25,5.93,B,500
09:33:25,5.94,B,14933
09:33:25,5.94,B,2700
09:33:25,5.94,B,500
09:33:25,5.94,B,500
09:33:25,5.94,B,2000
09:33:25,5.94,B,1200
09:33:25,5.94,B,2000
09:33:25,5.94,B,5000
09:33:25,5.94,B,3100
09:33:25,5.94,B,500
09:33:25,5.94,B,1000
09:33:25,5.94,B,6600
09:33:25,5.94,B,1500
09:33:25,5.95,B,3100
09:33:25,5.95,B,900
09:33:25,5.95,B,2300
09:33:25,5.95,B,500
09:33:25,5.95,B,300
09:33:25,5.95,B,100
09:33:25,5.95,B,1000
09:33:25,5.95,B,4200
09:33:25,5.95,B,1000
09:33:25,5.95,B,500
09:33:25,5.95,B,200
09:33:25,5.95,B,20000
09:33:25,5.95,B,10000
09:33:25,5.95,B,400
09:33:25,5.95,B,200
09:33:25,5.95,B,2167
09:33:26,5.92,S,500
09:33:27,5.93,B,300
09:33:27,5.93,B,2600
09:33:30,5.93,B,100
09:33:32,5.93,B,900
09:33:34,5.93,B,500
09:33:37,5.92,S,500
09:33:38,5.93,B,2000
09:33:39,5.93,B,300
09:33:39,5.93,B,400
09:33:39,5.93,B,600
09:33:39,5.93,B,500
09:33:39,5.92,S,300
09:33:39,5.92,S,2700
09:33:40,5.93,B,500
09:33:40,5.93,B,1000
09:33:40,5.93,B,500
09:33:40,5.93,B,400
09:33:41,5.93,B,3600
09:33:42,5.93,B,100
09:33:42,5.92,S,2300
09:33:42,5.92,S,1700
09:33:43,5.93,B,100
09:33:44,5.93,B,300
09:33:44,5.93,B,500
09:33:45,5.93,B,1000
09:33:46,5.93,B,500
09:33:46,5.93,B,500
09:33:46,5.93,B,500
09:33:47,5.93,S,100
09:33:47,5.93,S,100
09:33:47,5.93,S,6000
09:33:47,5.93,S,600
09:33:47,5.93,S,3400
09:33:48,5.93,S,1500
09:33:50,5.93,S,10000
09:33:51,5.94,B,600
09:33:51,5.94,B,1400
09:33:52,5.93,S,500
09:33:52,5.93,S,10000
09:33:53,5.93,S,500
09:33:54,5.93,S,6100
09:33:56,5.93,S,2000
09:33:56,5.93,S,6000
09:33:56,5.93,S,500
09:33:56,5.93,S,13500
09:33:57,5.93,S,5000
09:33:58,5.93,S,1000
09:34:03,5.93,S,900
09:34:07,5.93,S,700
09:34:07,5.93,S,1700
09:34:07,5.93,S,1300
09:34:09,5.94,B,600
09:34:09,5.94,B,1000
09:34:09,5.94,B,400
09:34:11,5.93,S,800
09:34:12,5.93,S,300
09:34:12,5.93,S,3000
09:34:12,5.93,S,9900
09:34:12,5.93,S,3000
09:34:15,5.94,B,100
09:34:16,5.94,B,200
09:34:16,5.93,S,300
09:34:17,5.93,S,200
09:34:19,5.94,B,200
09:34:20,5.94,B,100
09:34:20,5.94,B,600
09:34:21,5.93,S,400
09:34:21,5.93,S,200
09:34:21,5.93,S,1000
09:34:21,5.93,S,1000
09:34:21,5.93,S,1700
09:34:21,5.93,S,1200
09:34:22,5.94,B,1400
09:34:22,5.94,B,1600
09:34:23,5.94,B,3600
09:34:23,5.94,B,10000
09:34:23,5.94,B,10000
09:34:26,5.94,S,1000
09:34:32,5.95,B,933
09:34:32,5.95,B,67
09:34:33,5.94,S,1200
09:34:34,5.95,B,33
09:34:34,5.95,B,367
09:34:34,5.94,S,600
09:34:35,5.95,B,633
09:34:35,5.95,B,2100
09:34:35,5.95,B,267
09:34:37,5.94,S,4000
09:34:39,5.94,S,2500
09:34:41,5.95,B,733
09:34:41,5.95,B,267
09:34:42,5.95,B,833
09:34:42,5.95,B,167
09:34:43,5.94,S,100
09:34:43,5.95,B,100
09:34:45,5.94,S,2000
09:34:46,5.95,B,1233
09:34:46,5.95,B,600
09:34:46,5.95,B,1000
09:34:46,5.95,B,1800
09:34:46,5.95,B,300
09:34:46,5.95,B,5000
09:34:46,5.95,B,67
09:34:48,5.94,S,200
09:34:48,5.95,B,933
09:34:48,5.95,B,100
09:34:48,5.95,B,1000
09:34:48,5.95,B,2000
09:34:48,5.95,B,667
09:34:48,5.95,B,200
09:34:50,5.94,S,5000
09:34:50,5.94,S,400
09:34:50,5.94,S,500
09:34:51,5.95,B,100
09:34:51,5.95,B,1533
09:34:51,5.95,B,10000
09:34:51,5.96,B,500
09:34:51,5.96,B,29200
09:34:51,5.96,B,1200
09:34:51,5.96,B,300
09:34:51,5.96,B,5000
09:34:51,5.96,B,2000
09:34:51,5.96,B,267
09:34:54,5.95,S,200
09:34:55,5.95,S,1000
09:34:55,5.95,S,500
09:34:55,5.95,S,1000
09:34:55,5.95,S,100
09:34:55,5.94,S,1800
09:34:55,5.96,B,200
09:34:55,5.94,S,700
09:35:00,5.96,B,9533
09:35:00,5.96,B,1000
09:35:00,5.96,B,9467
09:35:04,5.95,S,100
09:35:04,5.95,S,200
09:35:05,5.95,S,700
09:35:05,5.95,S,500
09:35:05,5.95,S,500
09:35:05,5.95,S,900
09:35:05,5.95,S,1000
09:35:05,5.95,S,1600
09:35:05,5.95,S,100
09:35:09,5.95,S,2200
09:35:10,5.96,B,400
09:35:12,5.96,B,6333
09:35:12,5.96,B,200
09:35:12,5.96,B,12000
09:35:12,5.96,B,1000
09:35:12,5.96,S,467
09:35:12,5.95,S,533
09:35:13,5.97,B,5000
09:35:15,5.95,S,567
09:35:15,5.95,S,100
09:35:15,5.95,S,400
09:35:15,5.95,S,400
09:35:15,5.95,S,133
09:35:19,5.96,S,100
09:35:21,5.96,B,500
09:35:21,5.96,B,200
09:35:21,5.95,S,1867
09:35:21,5.95,S,100
09:35:21,5.95,S,2533
09:35:21,5.96,B,100
09:35:23,5.96,B,100
09:35:24,5.96,B,300
09:35:24,5.96,B,1000
09:35:25,5.95,S,15500
09:35:26,5.95,S,1800
09:35:27,5.96,B,500
09:35:28,5.95,S,4000
09:35:28,5.96,B,300
09:35:30,5.96,B,1200
09:35:30,5.96,B,1500
09:35:30,5.97,B,200
09:35:30,5.97,B,1500
09:35:30,5.97,B,1100
09:35:33,5.96,S,1000
09:35:41,5.96,S,500
09:35:44,5.96,S,500
09:35:46,5.96,S,3000
09:35:47,5.97,B,300
09:35:49,5.96,S,1100
09:35:50,5.96,S,1000
09:35:50,5.96,S,2000
09:35:52,5.96,S,1200
09:35:52,5.96,S,3900
09:35:52,5.96,S,700
09:35:53,5.97,B,1000
09:35:55,5.96,S,2000
09:35:56,5.96,S,100
09:35:56,5.97,B,400
09:35:58,5.96,S,2600
09:35:59,5.97,B,1200
09:35:59,5.97,B,400
09:35:59,5.97,B,400
09:35:59,5.97,B,600
09:35:59,5.97,B,400
09:35:59,5.97,B,300
09:35:59,5.97,B,10000
09:35:59,5.97,B,800
09:35:59,5.97,B,2500
09:35:59,5.97,B,1000
09:35:59,5.97,B,1800
09:35:59,5.97,B,1000
09:35:59,5.97,B,1000
09:35:59,5.97,B,500
09:35:59,5.97,B,500
09:36:00,5.97,S,500
09:36:05,5.97,S,100
09:36:05,5.97,S,300
09:36:05,5.97,S,600
09:36:05,5.97,S,100
09:36:06,5.97,S,800
09:36:07,5.97,S,200
09:36:07,5.97,S,300
09:36:07,5.97,S,700
09:36:08,5.97,S,1100
09:36:09,5.97,S,500
09:36:10,5.97,S,100
09:36:11,5.98,B,500
09:36:11,5.98,B,500
09:36:12,5.97,S,500
09:36:12,5.97,S,100
09:36:13,5.97,S,20000
09:36:13,5.97,S,1000
09:36:14,5.97,S,2000
09:36:15,5.98,B,2500
09:36:15,5.98,B,500
09:36:15,5.98,B,100
09:36:15,5.98,B,1800
09:36:15,5.98,B,1200
09:36:15,5.97,S,200
09:36:15,5.98,B,200
09:36:16,5.98,B,500
09:36:17,5.97,S,600
09:36:17,5.97,S,200
09:36:17,5.98,B,500
09:36:17,5.97,S,1000
09:36:18,5.97,S,3000
09:36:18,5.97,S,1300
09:36:19,5.97,S,4100
09:36:19,5.98,B,5900
09:36:19,5.98,B,7000
09:36:19,5.98,B,2100
09:36:19,5.98,B,2000
09:36:19,5.98,B,700
09:36:19,5.98,B,200
09:36:19,5.98,B,10000
09:36:19,5.98,B,300
09:36:19,5.98,B,1000
09:36:19,5.98,B,800
09:36:21,5.98,B,100
09:36:21,5.98,B,400
09:36:21,5.98,B,1600
09:36:21,5.98,B,1700
09:36:22,5.97,S,500
09:36:22,5.98,B,2300
09:36:22,5.98,B,500
09:36:22,5.98,B,600
09:36:22,5.97,S,800
09:36:23,5.97,S,26400
09:36:24,5.98,B,2900
09:36:24,5.98,B,300
09:36:24,5.97,S,500
09:36:25,5.97,S,100
09:36:25,5.97,S,300
09:36:26,5.98,B,2900
09:36:26,5.98,B,1000
09:36:27,5.97,S,1200
09:36:28,5.97,S,700
09:36:28,5.97,S,500
09:36:29,5.98,B,2300
09:36:29,5.98,B,7700
09:36:29,5.97,S,100
09:36:29,5.98,B,500
09:36:30,5.98,B,600
09:36:31,5.98,B,500
09:36:31,5.98,B,100
09:36:31,5.98,B,3000
09:36:32,5.97,S,500
09:36:32,5.98,B,2800
09:36:32,5.97,S,3100
09:36:33,5.97,S,500
09:36:33,5.97,S,500
09:36:34,5.98,B,700
09:36:34,5.97,S,5000
09:36:34,5.98,B,300
09:36:34,5.97,S,2000
09:36:34,5.98,B,2400
09:36:34,5.98,B,1000
09:36:34,5.98,B,3300
09:36:34,5.98,B,500
09:36:34,5.98,B,2000
09:36:34,5.98,B,1000
09:36:34,5.98,B,2000
09:36:34,5.98,B,2800
09:36:34,5.98,B,200
09:36:34,5.98,B,300
09:36:34,5.98,B,500
09:36:35,5.97,S,1900
09:36:36,5.98,B,100
09:36:36,5.97,S,1000
09:36:37,5.98,B,400
09:36:37,5.98,B,2000
09:36:38,5.98,B,1500
09:36:40,5.97,S,500
09:36:41,5.98,B,100
09:36:43,5.98,B,1400
09:36:43,5.98,B,100
09:36:44,5.98,B,1000
09:36:45,5.97,S,500
09:36:45,5.97,S,2000
09:36:46,5.98,B,1300
09:36:47,5.97,S,5000
09:36:48,5.97,S,100
09:36:48,5.97,S,100
09:36:49,5.98,B,1300
09:36:49,5.98,B,2000
09:36:49,5.98,B,7300
09:36:49,5.97,S,1000
09:36:49,5.98,B,1000
09:36:51,5.97,S,1000
09:36:51,5.97,S,3300
09:36:53,5.98,B,500
09:36:54,5.98,B,5000
09:36:54,5.97,S,4500
09:36:54,5.97,S,500
09:36:54,5.98,B,200
09:36:56,5.98,B,3000
09:36:56,5.97,S,500
09:36:56,5.97,S,100
09:36:56,5.97,S,3400
09:36:57,5.98,B,5000
09:36:57,5.97,S,200
09:36:57,5.97,S,300
09:36:57,5.97,S,100
09:36:57,5.97,S,500
09:36:57,5.97,S,400
09:36:57,5.97,S,300
09:36:57,5.97,S,1700
09:36:57,5.97,S,200
09:36:57,5.97,S,400
09:36:57,5.97,S,200
09:36:57,5.97,S,500
09:36:57,5.97,S,100
09:36:57,5.97,S,500
09:36:57,5.97,S,100
09:36:57,5.97,S,10000
09:36:57,5.97,S,2000
09:36:57,5.97,S,200
09:36:57,5.97,S,300
09:36:57,5.97,S,300
09:36:57,5.97,S,100
09:36:57,5.97,S,500
09:36:57,5.97,S,1000
09:36:57,5.97,S,100
09:36:57,5.97,S,200
09:36:57,5.97,S,300
09:36:57,5.97,S,500
09:36:57,5.97,S,600
09:36:57,5.97,B,29100
09:36:57,5.97,B,1200
09:36:57,5.98,B,8800
09:36:58,5.98,B,600
09:36:58,5.96,S,400
09:36:58,5.96,S,900
09:36:58,5.96,S,2000
09:36:58,5.98,B,800
09:36:59,5.97,B,1000
09:36:59,5.98,B,4200
09:37:00,5.97,B,600
09:37:00,5.97,B,2800
09:37:01,5.97,S,200
09:37:01,5.97,B,100
09:37:02,5.97,B,300
09:37:02,5.97,B,500
09:37:02,5.97,B,500
09:37:02,5.97,B,4000
09:37:02,5.98,B,23600
09:37:02,5.98,B,2000
09:37:02,5.98,B,1000
09:37:02,5.98,B,1000
09:37:02,5.98,B,6000
09:37:02,5.98,B,1000
09:37:02,5.98,B,2000
09:37:02,5.98,B,5000
09:37:02,5.98,B,400
09:37:02,5.98,B,600
09:37:02,5.98,B,5000
09:37:02,5.98,B,5000
09:37:02,5.98,B,1500
09:37:02,5.98,B,140600
09:37:02,5.98,B,2100
09:37:03,5.98,B,1000
09:37:03,5.98,B,1700
09:37:03,5.98,B,50000
09:37:03,5.97,S,600
09:37:03,5.97,B,400
09:37:03,5.98,B,600
09:37:04,5.97,B,200
09:37:04,5.97,B,300
09:37:05,5.97,B,400
09:37:05,5.97,B,500
09:37:08,5.97,B,2000
09:37:08,5.97,B,200
09:37:09,5.97,B,300
09:37:09,5.97,B,100
09:37:09,5.97,B,1500
09:37:09,5.97,B,100
09:37:10,5.97,B,3400
09:37:10,5.97,B,1000
09:37:11,5.97,B,200
09:37:11,5.97,B,500
09:37:11,5.97,B,100
09:37:11,5.97,B,200
09:37:11,5.97,B,300
09:37:11,5.97,B,4500
09:37:11,5.97,B,3800
09:37:16,5.97,B,1000
09:37:16,5.97,B,1500
09:37:16,5.97,B,1500
09:37:17,5.97,B,500
09:37:17,5.97,B,500
09:37:18,5.96,S,100
09:37:18,5.97,B,500
09:37:19,5.97,B,1000
09:37:19,5.97,B,400
09:37:19,5.97,B,200
09:37:19,5.97,B,1400
09:37:19,5.97,B,500
09:37:19,5.97,B,1800
09:37:20,5.96,S,200
09:37:20,5.97,B,1200
09:37:20,5.97,B,700
09:37:20,5.97,B,500
09:37:20,5.97,B,2600
09:37:22,5.97,B,100
09:37:22,5.97,B,100
09:37:23,5.97,B,100
09:37:23,5.97,B,300
09:37:23,5.97,B,2000
09:37:24,5.97,S,3000
09:37:24,5.96,S,100
09:37:24,5.97,B,1000
09:37:24,5.97,B,600
09:37:25,5.96,S,2000
09:37:25,5.97,B,500
09:37:26,5.97,B,400
09:37:26,5.97,B,300
09:37:26,5.97,B,200
09:37:26,5.96,S,2000
09:37:27,5.97,B,400
09:37:28,5.97,B,900
09:37:28,5.97,B,300
09:37:29,5.97,B,1000
09:37:30,5.96,S,1700
09:37:30,5.96,S,300
09:37:31,5.96,S,1600
09:37:31,5.96,S,2000
09:37:31,5.96,S,4000
09:37:32,5.97,B,1500
09:37:32,5.97,B,500
09:37:32,5.97,B,8300
09:37:32,5.96,S,1400
09:37:32,5.97,B,5000
09:37:33,5.96,S,10000
09:37:33,5.96,S,600
09:37:34,5.96,S,900
09:37:34,5.96,S,300
09:37:34,5.97,B,300
09:37:34,5.97,B,700
09:37:36,5.97,B,200
09:37:36,5.96,S,5000
09:37:37,5.97,B,1000
09:37:38,5.96,S,500
09:37:38,5.97,B,300
09:37:38,5.96,S,1500
09:37:39,5.96,S,300
09:37:40,5.96,S,4000
09:37:41,5.97,B,400
09:37:41,5.97,B,10000
09:37:41,5.96,S,800
09:37:41,5.97,B,700
09:37:42,5.97,B,13800
09:37:44,5.97,B,1300
09:37:44,5.96,S,200
09:37:45,5.97,B,100
09:37:45,5.96,S,6300
09:37:45,5.96,S,200
09:37:45,5.96,S,500
09:37:45,5.96,S,1100
09:37:45,5.96,S,1000
09:37:45,5.96,S,100
09:37:45,5.96,S,10000
09:37:45,5.96,S,2000
09:37:45,5.96,S,2000
09:37:45,5.96,S,400
09:37:45,5.96,S,100
09:37:45,5.96,S,100
09:37:45,5.96,S,1200
09:37:45,5.96,S,6400
09:37:45,5.96,S,200
09:37:47,5.96,B,200
09:37:47,5.96,B,600
09:37:49,5.96,B,500
09:37:52,5.96,B,1700
09:37:53,5.95,S,12167
09:37:53,5.95,S,300
09:37:53,5.95,S,3000
09:37:53,5.95,S,2000
09:37:53,5.95,S,1000
09:37:53,5.95,S,1533
09:37:57,5.96,B,400
09:37:58,5.96,B,600
09:37:58,5.95,S,400
09:37:58,5.95,S,10000
09:37:58,5.96,B,1000
09:37:59,5.96,B,900
09:38:01,5.96,B,300
09:38:01,5.95,S,500
09:38:01,5.96,B,300
09:38:02,5.95,S,67
09:38:02,5.95,S,1000
09:38:02,5.95,S,300
09:38:02,5.95,S,1733
09:38:02,5.95,S,567
09:38:02,5.95,S,1000
09:38:02,5.95,S,200
09:38:02,5.95,S,233
09:38:05,5.95,S,2767
09:38:05,5.95,S,2500
09:38:05,5.95,S,100
09:38:05,5.95,S,333
09:38:05,5.96,B,1000
09:38:07,5.95,S,667
09:38:07,5.95,S,500
09:38:07,5.95,S,1200
09:38:07,5.95,S,500
09:38:07,5.95,S,800
09:38:07,5.95,S,2000
09:38:07,5.95,S,1600
09:38:07,5.95,S,1733
09:38:08,5.95,S,1000
09:38:08,5.96,B,1000
09:38:08,5.95,S,5100
09:38:09,5.96,B,1000
09:38:10,5.96,B,100
09:38:11,5.95,S,2167
09:38:11,5.95,S,833
09:38:11,5.96,B,1000
09:38:13,5.96,B,400
09:38:13,5.95,S,567
09:38:13,5.95,S,1200
09:38:13,5.95,S,233
09:38:14,5.96,B,5000
09:38:14,5.95,S,467
09:38:14,5.95,S,200
09:38:14,5.95,S,500
09:38:14,5.95,S,200
09:38:14,5.95,S,100
09:38:14,5.95,S,8800
09:38:14,5.95,S,200
09:38:14,5.95,S,500
09:38:14,5.95,S,500
09:38:14,5.95,S,4300
09:38:14,5.95,S,500
09:38:14,5.95,S,300
09:38:14,5.95,S,200
09:38:14,5.95,S,3700
09:38:14,5.95,S,600
09:38:14,5.95,S,1000
09:38:14,5.95,S,6000
09:38:14,5.95,S,2500
09:38:14,5.95,B,800
09:38:15,5.95,B,2000
09:38:15,5.95,B,1000
09:38:16,5.95,B,600
09:38:16,5.95,B,3000
09:38:16,5.95,B,100
09:38:17,5.95,B,2000
09:38:17,5.94,S,500
09:38:17,5.94,S,1500
09:38:18,5.95,B,900
09:38:19,5.95,B,500
09:38:19,5.95,B,500
09:38:21,5.95,B,300
09:38:22,5.95,B,300
09:38:23,5.95,B,47733
09:38:23,5.95,B,8500
09:38:23,5.95,B,100
09:38:23,5.95,B,3000
09:38:23,5.95,B,100
09:38:23,5.95,B,300
09:38:23,5.95,B,2767
09:38:23,5.95,B,2000
09:38:23,5.95,B,500
09:38:23,5.95,B,100
09:38:24,5.94,S,1700
09:38:24,5.94,S,15000
09:38:24,5.94,S,300
09:38:24,5.94,S,200
09:38:24,5.94,S,900
09:38:24,5.94,S,800
09:38:24,5.94,S,100
09:38:24,5.94,S,400
09:38:25,5.95,B,900
09:38:26,5.95,B,100
09:38:26,5.95,B,200
09:38:26,5.95,B,1000
09:38:27,5.95,B,1800
09:38:28,5.95,B,633
09:38:28,5.95,B,300
09:38:28,5.95,B,1067
09:38:30,5.94,S,1000
09:38:30,5.94,S,3000
09:38:30,5.94,S,200
09:38:30,5.94,S,100
09:38:30,5.94,S,2000
09:38:30,5.94,S,2000
09:38:30,5.94,S,1000
09:38:30,5.94,S,500
09:38:30,5.94,S,1000
09:38:30,5.94,S,2000
09:38:30,5.94,S,600
09:38:30,5.94,S,700
09:38:30,5.94,S,2000
09:38:30,5.94,S,100
09:38:30,5.94,S,800
09:38:30,5.94,S,100
09:38:30,5.94,S,200
09:38:30,5.94,S,400
09:38:30,5.93,S,5000
09:38:30,5.93,S,2000
09:38:30,5.93,S,3000
09:38:30,5.93,S,100
09:38:30,5.93,S,1500
09:38:30,5.93,S,1000
09:38:30,5.93,S,300
09:38:30,5.93,S,1000
09:38:30,5.93,S,300
09:38:30,5.93,S,7400
09:38:30,5.93,S,12000
09:38:30,5.93,S,5000
09:38:30,5.93,S,100
09:38:30,5.93,S,600
09:38:30,5.93,S,500
09:38:30,5.93,S,1000
09:38:30,5.93,S,13500
09:38:30,5.93,S,2000
09:38:30,5.93,S,13500
09:38:30,5.93,S,7000
09:38:30,5.93,S,5500
09:38:31,5.95,B,833
09:38:31,5.95,B,1000
09:38:31,5.95,B,200
09:38:31,5.95,B,600
09:38:32,5.96,B,3000
09:38:33,5.95,S,500
09:38:35,5.95,S,1000
09:38:36,5.95,S,600
09:38:38,5.95,S,1500
09:38:39,5.95,S,10000
09:38:40,5.95,S,1000
09:38:40,5.95,S,2000
09:38:41,5.95,S,767
09:38:41,5.95,S,33
09:38:42,5.95,S,67
09:38:42,5.95,S,33
09:38:42,5.95,S,1767
09:38:42,5.95,S,133
09:38:43,5.95,S,100
09:38:43,5.95,S,267
09:38:43,5.95,S,433
09:38:43,5.95,S,1467
09:38:43,5.95,S,1033
09:38:44,5.95,S,18967
09:38:44,5.95,S,500
09:38:44,5.94,S,1000
09:38:44,5.94,S,200
09:38:44,5.94,S,800
09:38:44,5.94,S,100
09:38:45,5.95,B,500
09:38:46,5.94,S,200
09:38:48,5.95,B,300
09:38:49,5.95,B,300
09:38:50,5.95,B,500
09:38:50,5.95,B,400
09:38:51,5.95,B,500
09:38:52,5.95,B,2000
09:38:53,5.95,B,400
09:38:53,5.95,B,10000
09:38:54,5.94,S,3900
09:38:54,5.94,S,2000
09:38:54,5.94,S,1000
09:38:54,5.94,S,1200
09:38:54,5.93,S,4500
09:38:54,5.93,S,400
09:38:54,5.92,S,100
09:38:54,5.92,S,300
09:38:54,5.92,S,800
09:38:54,5.92,S,600
09:38:54,5.92,S,600
09:38:54,5.92,S,600
09:38:54,5.92,S,1000
09:38:54,5.92,S,5000
09:38:54,5.92,S,12000
09:38:54,5.92,S,500
09:38:54,5.92,S,2700
09:38:54,5.92,S,1000
09:38:54,5.92,S,3300
09:38:54,5.92,S,5000
09:38:54,5.92,S,10000
09:38:54,5.92,S,1000
09:38:54,5.92,S,1200
09:38:54,5.92,S,400
09:38:54,5.92,S,1300
09:38:54,5.92,S,500
09:38:54,5.92,S,100
09:38:54,5.92,S,2800
09:38:54,5.92,S,800
09:38:54,5.92,S,800
09:38:54,5.92,S,3000
09:38:54,5.92,S,2000
09:38:54,5.92,S,300
09:38:54,5.92,S,600
09:38:54,5.91,S,5000
09:38:54,5.91,S,3000
09:38:54,5.91,S,2000
09:38:54,5.91,S,2000
09:38:54,5.91,S,5500
09:38:54,5.91,S,1000
09:38:54,5.91,S,700
09:38:54,5.91,S,9500
09:38:54,5.95,B,300
09:38:55,5.95,B,133
09:38:55,5.95,B,1500
09:38:55,5.95,B,500
09:38:55,5.95,B,700
09:38:55,5.95,B,5000
09:38:55,5.95,B,100
09:38:55,5.95,B,1000
09:38:55,5.95,B,2000
09:38:55,5.95,B,3700
09:38:55,5.95,B,1700
09:38:55,5.95,S,200
09:38:57,5.95,S,300
09:38:58,5.95,S,9267
09:38:58,5.95,S,500
09:38:58,5.94,S,500
09:38:59,5.95,B,100
09:38:59,5.95,B,500
09:39:02,5.95,B,1000
09:39:03,5.95,B,1000
09:39:03,5.95,B,633
09:39:03,5.95,B,267
09:39:03,5.95,B,900
09:39:03,5.94,S,500
09:39:04,5.94,B,1000
09:39:04,5.94,B,500
09:39:04,5.95,B,1500
09:39:04,5.95,B,2600
09:39:05,5.94,B,100
09:39:05,5.95,B,900
09:39:05,5.95,B,1133
09:39:05,5.95,B,300
09:39:05,5.95,B,200
09:39:05,5.95,B,1367
09:39:06,5.95,B,633
09:39:06,5.96,B,1367
09:39:06,5.93,S,1100
09:39:07,5.95,S,1500
09:39:08,5.95,S,3000
09:39:08,5.95,S,5000
09:39:10,5.95,S,1000
09:39:13,5.95,S,3000
09:39:14,5.95,S,2000
09:39:14,5.96,B,600
09:39:17,5.95,S,103600
09:39:18,5.95,S,5000
09:39:19,5.96,B,1000
09:39:19,5.95,S,1200
09:39:19,5.96,B,2000
09:39:19,5.96,B,600
09:39:21,5.96,B,1000
09:39:21,5.95,S,1000
09:39:21,5.95,S,1500
09:39:22,5.95,S,2000
09:39:23,5.95,S,6200
09:39:24,5.96,B,100
09:39:24,5.96,B,100
09:39:26,5.96,B,500
09:39:27,5.95,S,5800
09:39:28,5.96,B,600
09:39:29,5.96,B,100
09:39:32,5.95,S,38200
09:39:32,5.95,S,1600
09:39:32,5.95,S,1400
09:39:32,5.95,S,300
09:39:32,5.95,S,4200
09:39:32,5.95,S,3700
09:39:32,5.95,S,700
09:39:32,5.95,S,1500
09:39:32,5.95,S,100
09:39:32,5.95,S,1000
09:39:32,5.95,S,300
09:39:32,5.95,S,2000
09:39:32,5.95,S,1000
09:39:32,5.95,S,100
09:39:32,5.95,S,100
09:39:32,5.95,S,30000
09:39:32,5.95,S,5000
09:39:32,5.95,S,1000
09:39:32,5.95,S,400
09:39:32,5.95,S,1000
09:39:33,5.95,B,100
09:39:33,5.95,B,500
09:39:35,5.95,B,100
09:39:38,5.95,B,5700
09:39:38,5.95,B,1300
09:39:39,5.95,B,400
09:39:41,5.95,B,1000
09:39:42,5.95,B,4300
09:39:42,5.95,B,400
09:39:42,5.95,B,5300
09:39:42,5.95,B,3700
09:39:42,5.95,B,2500
09:39:43,5.95,B,500
09:39:43,5.95,B,300
09:39:43,5.95,B,800
09:39:43,5.95,B,100
09:39:44,5.95,B,700
09:39:50,5.95,B,700
09:39:50,5.95,B,200
09:39:50,5.95,B,1000
09:39:50,5.95,B,200
09:39:50,5.95,B,2000
09:39:50,5.95,B,9200
09:39:51,5.95,S,1000
09:39:52,5.96,B,3400
09:39:53,5.95,S,10000
09:39:54,5.96,B,200
09:39:55,5.95,S,2200
09:39:56,5.95,S,1000
09:39:57,5.95,S,10000
09:39:57,5.95,S,1000
09:39:57,5.95,S,2000
09:39:57,5.95,S,1100
09:39:57,5.95,S,1000
09:39:58,5.95,S,1500
09:40:01,5.95,S,400
09:40:02,5.95,S,200
09:40:02,5.95,S,2000
09:40:03,5.96,B,6000
09:40:04,5.95,S,100
09:40:04,5.95,S,2000
09:40:05,5.95,S,11800
09:40:05,5.95,S,200
09:40:05,5.96,B,1233
09:40:05,5.96,B,1000
09:40:05,5.96,B,600
09:40:05,5.96,B,100
09:40:05,5.96,B,1000
09:40:05,5.96,B,2000
09:40:05,5.96,B,2000
09:40:05,5.96,B,2000
09:40:05,5.96,B,2000
09:40:05,5.96,B,1000
09:40:05,5.96,B,1000
09:40:05,5.96,B,100
09:40:05,5.96,B,2500
09:40:05,5.96,B,3000
09:40:05,5.96,B,467
09:40:06,5.95,S,1800
09:40:06,5.95,S,1000
09:40:07,5.96,B,200
09:40:07,5.96,B,2333
09:40:07,5.96,B,2000
09:40:07,5.96,B,1000
09:40:07,5.96,B,200
09:40:07,5.96,B,500
09:40:07,5.96,B,700
09:40:07,5.96,B,3000
09:40:07,5.96,B,2000
09:40:07,5.96,B,400
09:40:07,5.96,B,2000
09:40:07,5.96,B,600
09:40:07,5.96,B,167
09:40:09,5.95,S,1100
09:40:09,5.96,B,833
09:40:09,5.96,B,37800
09:40:09,5.96,B,400
09:40:09,5.96,B,4200
09:40:09,5.96,B,5000
09:40:09,5.96,B,900
09:40:09,5.96,B,3000
09:40:09,5.96,B,3000
09:40:09,5.96,B,200
09:40:09,5.96,B,1200
09:40:09,5.96,B,500
09:40:09,5.96,B,1400
09:40:09,5.96,B,600
09:40:09,5.96,B,500
09:40:09,5.96,B,500
09:40:09,5.96,B,16100
09:40:09,5.96,B,500
09:40:09,5.96,B,1000
09:40:09,5.96,B,3100
09:40:09,5.96,B,5000
09:40:09,5.96,B,1000
09:40:09,5.96,B,13267
09:40:10,5.95,S,200
09:40:11,5.95,S,1000
09:40:12,5.95,S,1000
09:40:12,5.96,B,2000
09:40:13,5.96,B,100
09:40:14,5.95,S,5000
09:40:15,5.96,B,633
09:40:15,5.96,B,367
09:40:16,5.96,B,1033
09:40:16,5.96,B,1967
09:40:16,5.95,S,900
09:40:16,5.96,B,300
09:40:17,5.96,B,1700
09:40:17,5.95,S,200
09:40:23,5.96,B,233
09:40:23,5.96,B,2300
09:40:23,5.96,B,1000
09:40:23,5.96,B,1467
09:40:24,5.95,S,7000
09:40:25,5.95,S,2000
09:40:27,5.95,S,4000
09:40:27,5.95,S,500
09:40:27,5.96,B,200
09:40:28,5.96,B,333
09:40:28,5.96,B,1000
09:40:28,5.96,B,2000
09:40:28,5.96,B,1000
09:40:28,5.96,B,667
09:40:29,5.95,S,1500
09:40:32,5.96,B,500
09:40:33,5.96,B,133
09:40:33,5.96,B,1867
09:40:33,5.96,B,33
09:40:33,5.96,B,67
09:40:34,5.95,S,2000
09:40:34,5.95,S,3000
09:40:34,5.96,B,800
09:40:35,5.96,B,100
09:40:36,5.96,B,300
09:40:37,5.96,B,2000
09:40:37,5.95,S,600
09:40:38,5.96,B,1500
09:40:38,5.96,B,233
09:40:38,5.96,B,1000
09:40:38,5.96,B,10000
09:40:38,5.96,B,1000
09:40:38,5.96,B,1700
09:40:38,5.96,B,500
09:40:38,5.97,B,500
09:40:38,5.96,S,67
09:40:38,5.96,B,933
09:40:39,5.96,S,67
09:40:39,5.95,S,133
09:40:39,5.95,S,3300
09:40:40,5.96,B,100
09:40:41,5.97,B,300
09:40:42,5.96,S,500
09:40:42,5.96,S,100
09:40:42,5.96,S,600
09:40:42,5.95,S,100
09:40:43,5.96,B,1000
09:40:43,5.95,S,1000
09:40:43,5.95,S,300
09:40:44,5.95,S,1567
09:40:44,5.95,S,433
09:40:45,5.96,B,8400
09:40:45,5.95,S,1000
09:40:48,5.96,B,600
09:40:50,5.95,S,1567
09:40:50,5.95,S,1000
09:40:50,5.95,S,533
09:40:51,5.95,S,200
09:40:51,5.95,S,5000
09:40:52,5.96,B,100
09:40:52,5.96,B,1000
09:40:53,5.95,S,7200
09:40:53,5.95,S,700
09:40:53,5.96,B,500
09:40:54,5.95,S,1800
09:40:54,5.95,S,16000
09:40:56,5.96,B,2000
09:40:57,5.96,B,1400
09:40:57,5.96,B,600
09:40:57,5.96,B,400
09:40:57,5.96,B,600
09:40:57,5.96,B,4400
09:40:57,5.96,B,1200
09:40:57,5.95,S,100
09:40:58,5.96,B,300
09:40:59,5.96,B,500
09:40:59,5.96,B,500
09:40:59,5.96,B,600
09:40:59,5.96,B,400
09:41:01,5.95,S,10000
09:41:02,5.95,S,1000
09:41:02,5.96,B,500
09:41:02,5.96,B,200
09:41:02,5.95,S,300
09:41:04,5.95,S,500
09:41:04,5.95,S,4000
09:41:04,5.96,B,900
09:41:04,5.96,B,3000
09:41:05,5.95,S,100
09:41:05,5.95,S,500
09:41:07,5.95,S,2000
09:41:07,5.95,S,3000
09:41:08,5.95,S,8000
09:41:09,5.95,S,2000
09:41:09,5.95,S,300
09:41:09,5.96,B,1000
09:41:09,5.96,B,3900
09:41:09,5.96,B,200
09:41:10,5.96,B,700
09:41:10,5.95,S,2300
09:41:12,5.96,B,300
09:41:13,5.96,B,1000
09:41:14,5.95,S,2000
09:41:16,5.96,B,2600
09:41:16,5.96,B,400
09:41:17,5.95,S,1000
09:41:20,5.96,B,300
09:41:21,5.96,B,300
09:41:21,5.96,B,200
09:41:22,5.95,S,2100
09:41:22,5.95,S,29367
09:41:22,5.95,S,2600
09:41:22,5.95,S,400
09:41:22,5.95,S,100
09:41:22,5.95,S,500
09:41:22,5.95,S,2800
09:41:22,5.95,S,5000
09:41:22,5.95,S,300
09:41:22,5.95,S,300
09:41:22,5.95,S,200
09:41:22,5.95,S,500
09:41:22,5.95,S,2000
09:41:22,5.95,S,600
09:41:22,5.95,S,1300
09:41:22,5.95,S,3000
09:41:22,5.95,S,5000
09:41:22,5.95,S,1000
09:41:22,5.95,S,300
09:41:22,5.95,S,500
09:41:22,5.95,S,700
09:41:22,5.95,S,1300
09:41:22,5.95,S,1700
09:41:22,5.95,S,2000
09:41:22,5.95,S,200
09:41:22,5.95,S,500
09:41:22,5.95,S,2500
09:41:22,5.95,S,2000
09:41:22,5.95,S,1000
09:41:22,5.95,S,1000
09:41:22,5.95,S,1000
09:41:22,5.95,S,800
09:41:22,5.95,B,1000
09:41:23,5.95,B,2000
09:41:23,5.95,B,1000
09:41:25,5.95,B,8500
09:41:27,5.95,B,100
09:41:28,5.95,B,200
09:41:28,5.95,B,500
09:41:28,5.95,B,16233
09:41:28,5.95,B,1000
09:41:28,5.95,B,3600
09:41:28,5.95,B,1400
09:41:28,5.95,B,1000
09:41:28,5.96,B,8467
09:41:28,5.95,B,500
09:41:29,5.95,S,1100
09:41:33,5.95,S,1000
09:41:33,5.95,S,3100
09:41:34,5.95,S,1300
09:41:34,5.95,S,700
09:41:36,5.95,S,1000
09:41:36,5.96,B,9333
09:41:36,5.96,B,1667
09:41:37,5.95,S,300
09:41:39,5.95,S,200
09:41:40,5.95,S,4000
09:41:40,5.95,S,100
09:41:40,5.95,S,1000
09:41:40,5.95,S,1400
09:41:41,5.95,S,800
09:41:41,5.95,S,1000
09:41:41,5.95,S,200
09:41:41,5.95,S,300
09:41:42,5.95,B,200
09:41:42,5.95,B,1200
09:41:43,5.95,B,200
09:41:43,5.95,B,200
09:41:43,5.95,B,5200
09:41:45,5.95,B,100
09:41:46,5.95,B,200
09:41:47,5.95,B,100
09:41:47,5.95,B,5000
09:41:50,5.95,B,1000
09:41:50,5.95,B,2100
09:41:50,5.95,B,100
09:41:50,5.95,B,200
09:41:50,5.95,B,1200
09:41:50,5.95,B,1000
09:41:50,5.95,B,600
09:41:52,5.95,S,4800
09:41:52,5.95,B,5200
09:41:53,5.95,S,900
09:41:53,5.96,B,33
09:41:53,5.96,B,700
09:41:53,5.96,B,1000
09:41:53,5.96,B,1367
09:41:54,5.96,B,4000
09:41:55,5.95,S,600
09:41:55,5.95,S,2000
09:41:55,5.95,S,100
09:41:55,5.95,S,500
09:41:55,5.94,S,1300
09:41:55,5.94,S,1000
09:41:55,5.94,S,1500
09:41:57,5.95,S,500
09:41:58,5.95,S,500
09:41:58,5.94,S,500
09:41:58,5.94,S,200
09:41:59,5.96,B,2300
09:41:59,5.95,S,100
09:41:59,5.95,B,1100
09:41:59,5.95,S,500
09:42:00,5.95,B,300
09:42:00,5.95,S,100
09:42:01,5.95,S,400
09:42:01,5.95,S,200
09:42:01,5.95,S,300
09:42:01,5.94,S,2000
09:42:02,5.95,B,400
09:42:03,5.95,B,3000
09:42:05,5.95,B,1100
09:42:06,5.95,S,700
09:42:06,5.95,S,100
09:42:11,5.95,B,600
09:42:11,5.95,B,100
09:42:11,5.95,B,400
09:42:12,5.95,B,100
09:42:13,5.95,B,3500
09:42:14,5.95,B,800
09:42:14,5.95,B,200
09:42:14,5.95,B,2000
09:42:14,5.95,B,900
09:42:15,5.95,B,600
09:42:15,5.95,B,500
09:42:15,5.95,B,600
09:42:15,5.96,B,3300
09:42:17,5.95,S,400
09:42:19,5.95,B,100
09:42:19,5.95,B,1300
09:42:20,5.95,B,700
09:42:21,5.95,B,1600
09:42:21,5.95,B,5900
09:42:22,5.94,S,100
09:42:22,5.95,B,100
09:42:23,5.95,B,4000
09:42:23,5.95,B,1000
09:42:23,5.96,B,1033
09:42:23,5.96,B,3967
09:42:24,5.94,S,1600
09:42:25,5.95,S,300
09:42:27,5.94,S,100
09:42:27,5.94,S,900
09:42:27,5.94,S,2500
09:42:28,5.95,B,2700
09:42:28,5.95,B,2200
09:42:29,5.96,B,300
09:42:31,5.96,B,1500
09:42:33,5.96,B,300
09:42:34,5.95,S,2600
09:42:34,5.95,S,500
09:42:34,5.95,S,2000
09:42:34,5.95,S,500
09:42:34,5.95,S,200
09:42:34,5.95,S,800
09:42:35,5.95,S,200
09:42:35,5.95,S,800
09:42:39,5.95,S,4700
09:42:39,5.95,S,500
09:42:39,5.95,S,300
09:42:40,5.94,S,500
09:42:41,5.95,B,100
09:42:43,5.95,B,900
09:42:45,5.95,B,2000
09:42:45,5.95,B,1500
09:42:45,5.95,B,5000
09:42:46,5.95,S,1500
09:42:47,5.95,S,100
09:42:47,5.95,S,800
09:42:47,5.96,B,200
09:42:49,5.95,S,800
09:42:50,5.95,S,700
09:42:51,5.95,S,1500
09:42:52,5.95,S,200
09:42:52,5.95,S,1500
09:42:52,5.95,S,300
09:42:53,5.95,S,400
09:42:53,5.95,S,300
09:42:53,5.95,S,1000
09:42:54,5.95,B,100
09:42:57,5.95,B,1100
09:42:58,5.95,B,4100
09:42:58,5.95,B,900
09:42:59,5.94,S,7000
09:42:59,5.94,S,1400
09:42:59,5.94,S,100
09:42:59,5.94,S,500
09:42:59,5.94,S,600
09:42:59,5.94,S,2500
09:42:59,5.94,S,100
09:42:59,5.94,S,200
09:42:59,5.94,S,100
09:42:59,5.94,S,500
09:42:59,5.94,S,1000
09:42:59,5.94,S,1000
09:42:59,5.94,S,2000
09:42:59,5.94,S,1000
09:42:59,5.94,S,10000
09:42:59,5.94,S,3000
09:42:59,5.94,S,5000
09:42:59,5.94,S,8400
09:42:59,5.94,S,100
09:42:59,5.94,S,1000
09:42:59,5.94,S,1700
09:42:59,5.94,S,1200
09:42:59,5.94,S,2000
09:42:59,5.94,S,600
09:42:59,5.94,B,1300
09:43:00,5.94,B,500
09:43:00,5.94,B,1000
09:43:00,5.94,B,800
09:43:01,5.94,B,100
09:43:02,5.94,B,19800
09:43:03,5.95,B,1100
09:43:03,5.95,B,200
09:43:03,5.95,B,1700
09:43:03,5.94,S,3300
09:43:05,5.95,B,300
09:43:06,5.95,B,1000
09:43:06,5.95,B,3000
09:43:06,5.95,B,100
09:43:06,5.95,B,3450
09:43:06,5.95,B,1400
09:43:07,5.95,S,1050
09:43:08,5.95,B,1050
09:43:09,5.96,B,100
09:43:11,5.96,B,1000
09:43:11,5.95,S,950
09:43:11,5.95,S,1650
09:43:12,5.95,S,1500
09:43:12,5.95,S,3000
09:43:12,5.95,S,400
09:43:13,5.95,S,2650
09:43:16,5.94,S,1800
09:43:17,5.95,B,100
09:43:21,5.95,B,250
09:43:21,5.95,B,750
09:43:21,5.95,B,100
09:43:22,5.94,S,3000
09:43:25,5.95,B,50
09:43:25,5.95,B,1000
09:43:27,5.96,B,3000
09:43:29,5.95,S,2000
09:43:29,5.95,S,3350
09:43:29,5.95,S,500
09:43:30,5.95,B,400
09:43:30,5.95,B,100
09:43:31,5.95,B,100
09:43:31,5.95,B,550
09:43:31,5.95,B,550
09:43:33,5.95,B,1850
09:43:34,5.96,B,500
09:43:34,5.95,S,100
09:43:34,5.95,S,200
09:43:36,5.95,S,7850
09:43:36,5.95,S,3700
09:43:36,5.95,S,100
09:43:36,5.95,S,8500
09:43:36,5.94,S,400
09:43:36,5.95,B,13700
09:43:37,5.94,S,300
09:43:37,5.94,S,4000
09:43:37,5.95,B,6700
09:43:40,5.95,B,7300
09:43:42,5.95,B,700
09:43:45,5.95,B,400
09:43:45,5.94,S,1700
09:43:46,5.95,B,200
09:43:50,5.94,S,3500
09:43:52,5.95,B,600
09:43:52,5.95,B,500
09:43:53,5.95,B,2400
09:43:54,5.95,B,17350
09:43:54,5.95,B,2650
09:43:54,5.95,B,250
09:43:54,5.95,B,750
09:43:54,5.94,S,8000
09:43:55,5.95,B,1200
09:43:56,5.95,B,1550
09:43:56,5.95,B,450
09:43:57,5.95,B,1550
09:43:57,5.95,B,250
09:43:57,5.95,B,250
09:43:57,5.95,B,1750
09:43:57,5.94,S,1300
09:43:57,5.95,B,250
09:43:57,5.95,B,550
09:43:58,5.95,B,500
09:43:58,5.95,B,650
09:44:04,5.96,B,500
09:44:04,5.95,S,1350
09:44:04,5.95,S,650
09:44:05,5.95,S,100
09:44:06,5.95,S,850
09:44:06,5.95,S,150
09:44:09,5.95,S,100
09:44:10,5.95,S,500
09:44:11,5.95,S,1200
09:44:11,5.95,S,500
09:44:12,5.95,S,300
09:44:12,5.95,S,4750
09:44:12,5.95,S,500
09:44:12,5.95,S,2000
09:44:12,5.95,S,100
09:44:12,5.95,S,2050
09:44:12,5.96,B,3000
09:44:13,5.95,S,1400
09:44:16,5.95,S,1550
09:44:16,5.95,S,7000
09:44:16,5.95,S,1000
09:44:16,5.94,S,2250
09:44:17,5.95,S,1000
09:44:19,5.95,B,2000
09:44:19,5.95,B,2000
09:44:20,5.95,B,2500
09:44:20,5.95,B,500
09:44:21,5.95,B,100
09:44:22,5.94,S,500
09:44:22,5.95,B,100
09:44:22,5.95,B,2900
09:44:22,5.95,B,100
09:44:22,5.94,S,3000
09:44:23,5.94,S,200
09:44:23,5.95,B,3000
09:44:26,5.94,S,1700
09:44:27,5.95,B,100
09:44:27,5.95,B,100
09:44:27,5.95,B,700
09:44:27,5.95,B,100
09:44:27,5.95,B,8900
09:44:27,5.94,S,1200
09:44:28,5.95,B,100
09:44:30,5.94,S,1200
09:44:32,5.94,S,500
09:44:33,5.94,S,22350
09:44:33,5.94,S,700
09:44:33,5.94,S,1000
09:44:33,5.94,S,1000
09:44:33,5.94,S,200
09:44:33,5.94,S,8000
09:44:33,5.94,S,6000
09:44:33,5.94,S,1000
09:44:33,5.94,S,5100
09:44:33,5.94,S,1000
09:44:33,5.94,S,8400
09:44:33,5.94,S,800
09:44:33,5.94,S,2000
09:44:33,5.94,S,1000
09:44:33,5.94,S,5000
09:44:33,5.94,S,500
09:44:33,5.94,S,500
09:44:33,5.94,S,2000
09:44:33,5.94,S,300
09:44:33,5.94,S,20000
09:44:33,5.94,S,500
09:44:33,5.94,S,100
09:44:33,5.94,S,1000
09:44:33,5.94,S,2800
09:44:33,5.94,S,5000
09:44:33,5.94,S,2500
09:44:33,5.94,S,4000
09:44:34,5.94,B,7700
09:44:34,5.94,B,300
09:44:35,5.94,B,500
09:44:35,5.94,B,20000
09:44:36,5.94,B,200
09:44:36,5.94,B,5000
09:44:37,5.94,B,100
09:44:38,5.94,B,2000
09:44:38,5.94,B,100
09:44:39,5.93,S,900
09:44:39,5.93,S,800
09:44:39,5.94,B,300
09:44:39,5.94,B,2800
09:44:40,5.94,B,100
09:44:40,5.94,B,600
09:44:40,5.94,B,500
09:44:41,5.94,B,1000
09:44:42,5.94,B,3800
09:44:42,5.94,B,100
09:44:42,5.94,B,100
09:44:42,5.94,B,20000
09:44:43,5.94,B,100
09:44:44,5.94,B,500
09:44:45,5.94,B,5000
09:44:46,5.94,B,400
09:44:47,5.93,S,200
09:44:48,5.94,B,500
09:44:48,5.94,B,20600
09:44:51,5.94,B,9100
09:44:52,5.93,S,300
09:44:53,5.93,S,100
09:44:53,5.93,S,800
09:44:53,5.93,S,10000
09:44:53,5.93,S,400
09:44:53,5.93,S,100
09:44:56,5.93,S,400
09:44:56,5.94,B,5000
09:44:57,5.94,B,1000
09:44:57,5.94,B,3000
09:44:58,5.94,B,300
09:44:58,5.94,B,100
09:44:59,5.94,B,3100
09:45:00,5.93,S,100
09:45:00,5.94,B,500
09:45:00,5.93,S,2000
09:45:00,5.94,B,10000
09:45:01,5.93,S,100
09:45:03,5.93,S,2000
09:45:06,5.94,B,5000
09:45:07,5.93,S,10000
09:45:07,5.93,S,1500
09:45:08,5.93,S,2000
09:45:10,5.94,B,5000
09:45:10,5.93,S,8800
09:45:10,5.94,B,2000
09:45:11,5.94,B,1000
09:45:11,5.94,B,400
09:45:12,5.94,B,1000
09:45:13,5.94,B,200
09:45:16,5.93,S,1000
09:45:16,5.93,S,300
09:45:18,5.94,B,2000
09:45:20,5.93,S,5300
09:45:20,5.93,S,2000
09:45:20,5.93,S,2000
09:45:20,5.93,S,500
09:45:20,5.93,S,100
09:45:20,5.93,S,100
09:45:20,5.93,S,600
09:45:20,5.93,S,1000
09:45:20,5.93,S,1200
09:45:20,5.93,S,300
09:45:20,5.93,S,200
09:45:20,5.93,S,800
09:45:20,5.93,S,600
09:45:20,5.93,S,5000
09:45:20,5.93,S,1000
09:45:20,5.93,S,1000
09:45:21,5.94,B,200
09:45:21,5.94,B,100
09:45:23,5.94,B,3400
09:45:25,5.94,B,3600
09:45:26,5.94,B,1000
09:45:27,5.93,S,1000
09:45:27,5.94,B,1000
09:45:28,5.93,S,200
09:45:28,5.93,S,100
09:45:29,5.94,B,300
09:45:30,5.94,B,3000
09:45:31,5.94,B,2000
09:45:32,5.93,S,400
09:45:32,5.93,S,400
09:45:33,5.93,S,300
09:45:33,5.93,S,300
09:45:33,5.93,S,1000
09:45:33,5.93,S,200
09:45:33,5.93,S,2000
09:45:33,5.93,S,6500
09:45:35,5.93,S,13500
09:45:35,5.93,S,1000
09:45:35,5.93,S,500
09:45:35,5.93,S,1300
09:45:35,5.93,S,500
09:45:35,5.93,S,200
09:45:35,5.93,S,500
09:45:35,5.93,S,500
09:45:35,5.93,S,2000
09:45:35,5.93,S,5800
09:45:35,5.93,S,1100
09:45:35,5.93,S,1000
09:45:35,5.93,S,2200
09:45:35,5.94,B,82600
09:45:35,5.94,B,100
09:45:36,5.93,S,2800
09:45:36,5.93,S,5700
09:45:36,5.93,S,1400
09:45:36,5.93,S,200
09:45:36,5.93,S,9900
09:45:36,5.94,B,2000
09:45:37,5.93,S,100
09:45:37,5.94,B,200
09:45:38,5.94,B,3000
09:45:42,5.94,B,2000
09:45:42,5.94,B,20000
09:45:44,5.93,S,2900
09:45:45,5.94,B,5000
09:45:45,5.93,S,4100
09:45:45,5.93,S,4400
09:45:46,5.93,S,200
09:45:48,5.94,B,88700
09:45:48,5.94,B,500
09:45:48,5.93,S,400
09:45:48,5.93,S,1300
09:45:49,5.94,B,600
09:45:49,5.94,B,100
09:45:50,5.93,S,4000
09:45:53,5.94,B,1000
09:45:54,5.94,B,100
09:45:54,5.94,B,10000
09:45:56,5.93,S,100
09:45:57,5.93,S,2000
09:45:58,5.93,S,100
09:45:58,5.94,B,1500
09:45:59,5.93,S,2000
09:45:59,5.93,S,500
09:46:00,5.94,B,3000
09:46:01,5.94,B,1400
09:46:02,5.94,B,5600
09:46:06,5.94,B,20000
09:46:07,5.93,S,1400
09:46:09,5.93,S,900
09:46:09,5.94,B,300
09:46:10,5.93,S,800
09:46:10,5.93,S,500
09:46:11,5.94,B,10000
09:46:11,5.94,B,1500
09:46:14,5.94,B,200
09:46:15,5.94,B,500
09:46:15,5.94,B,1600
09:46:17,5.93,S,5100
09:46:18,5.94,B,900
09:46:18,5.93,S,1300
09:46:18,5.93,S,3000
09:46:18,5.93,S,1000
09:46:18,5.93,S,1700
09:46:19,5.93,S,700
09:46:20,5.93,S,200
09:46:20,5.94,B,900
09:46:21,5.93,S,400
09:46:21,5.94,B,1200
09:46:23,5.94,B,13251
09:46:23,5.94,B,200
09:46:23,5.94,B,200
09:46:23,5.94,B,300
09:46:23,5.94,B,800
09:46:23,5.94,B,100
09:46:23,5.94,B,2100
09:46:23,5.94,B,400
09:46:23,5.94,B,900
09:46:23,5.94,B,800
09:46:23,5.94,B,500
09:46:23,5.94,B,1000
09:46:23,5.94,B,100
09:46:23,5.94,B,300
09:46:23,5.94,B,2500
09:46:23,5.94,B,1349
09:46:23,5.94,B,2000
09:46:23,5.93,S,500
09:46:23,5.93,S,100
09:46:23,5.93,S,2000
09:46:23,5.93,S,800
09:46:23,5.93,S,1500
09:46:23,5.94,B,600
09:46:23,5.94,B,600
09:46:25,5.93,S,500
09:46:25,5.93,S,500
09:46:25,5.93,S,1000
09:46:25,5.94,B,1000
09:46:25,5.94,B,100
09:46:26,5.94,B,26351
09:46:26,5.94,B,49
09:46:26,5.94,B,1000
09:46:26,5.94,B,300
09:46:26,5.93,S,400
09:46:27,5.94,B,3400
09:46:27,5.94,B,1000
09:46:27,5.94,B,3000
09:46:29,5.94,B,600
09:46:30,5.94,B,500
09:46:31,5.94,B,400
09:46:31,5.94,B,1300
09:46:32,5.93,S,300
09:46:32,5.93,S,800
09:46:32,5.94,B,3151
09:46:32,5.94,B,1849
09:46:33,5.94,B,500
09:46:33,5.94,B,300
09:46:34,5.94,B,1351
09:46:34,5.94,B,449
09:46:35,5.93,S,300
09:46:37,5.93,S,1500
09:46:37,5.93,S,100
09:46:38,5.94,B,451
09:46:38,5.94,B,2549
09:46:40,5.94,B,2000
09:46:40,5.94,B,400
09:46:40,5.94,B,700
09:46:42,5.94,B,600
09:46:43,5.94,B,600
09:46:44,5.93,S,10800
09:46:44,5.93,S,100
09:46:47,5.94,B,2200
09:46:48,5.94,B,5000
09:46:48,5.93,S,100
09:46:49,5.94,B,1000
09:46:49,5.93,S,300
09:46:50,5.93,S,200
09:46:51,5.94,B,3200
09:46:51,5.94,B,1200
09:46:52,5.94,B,100
09:46:52,5.93,S,2000
09:46:52,5.94,B,2500
09:46:53,5.94,B,300
09:46:53,5.93,S,3100
09:46:53,5.93,S,1000
09:46:53,5.93,S,1800
09:46:53,5.93,S,1000
09:46:53,5.93,S,2000
09:46:53,5.93,S,1000
09:46:53,5.93,S,100
09:46:53,5.93,S,900
09:46:53,5.93,S,1000
09:46:53,5.93,S,100
09:46:53,5.93,S,3000
09:46:53,5.93,S,7200
09:46:54,5.93,S,2000
09:46:55,5.94,B,500
09:46:55,5.94,B,500
09:46:57,5.93,S,200
09:46:57,5.94,B,1500
09:46:57,5.94,B,2000
09:46:57,5.94,B,1000
09:46:57,5.94,B,1300
09:46:57,5.94,B,1000
09:46:57,5.94,S,200
09:46:58,5.94,S,1000
09:46:58,5.94,S,100
09:46:58,5.94,S,1900
09:46:58,5.94,S,5000
09:46:59,5.94,B,500
09:47:01,5.93,S,100
09:47:02,5.94,B,400
09:47:03,5.94,B,1000
09:47:05,5.94,B,10700
09:47:05,5.94,S,300
09:47:06,5.94,S,500
09:47:06,5.94,S,7100
09:47:07,5.95,B,100
09:47:08,5.94,S,10000
09:47:09,5.94,S,22300
09:47:09,5.94,S,500
09:47:10,5.95,B,900
09:47:10,5.95,B,100
09:47:10,5.95,B,1000
09:47:10,5.95,B,1000
09:47:10,5.95,B,1000
09:47:10,5.95,B,5000
09:47:10,5.95,B,10000
09:47:10,5.95,B,1000
09:47:10,5.95,B,15000
09:47:10,5.95,B,2000
09:47:10,5.95,B,900
09:47:13,5.95,B,1100
09:47:13,5.95,B,1900
09:47:14,5.94,S,400
09:47:14,5.94,S,1800
09:47:15,5.94,S,4000
09:47:16,5.94,S,100
09:47:16,5.94,S,700
09:47:17,5.94,S,700
09:47:18,5.94,S,1000
09:47:19,5.94,S,900
09:47:19,5.94,S,7600
09:47:19,5.94,S,10000
09:47:21,5.94,S,10100
09:47:21,5.94,S,500
09:47:21,5.94,S,500
09:47:23,5.94,S,8100
09:47:24,5.94,S,1000
09:47:24,5.94,S,1200
09:47:24,5.94,S,200
09:47:24,5.94,S,3700
09:47:26,5.94,S,1000
09:47:26,5.95,B,100
09:47:26,5.95,B,4900
09:47:29,5.95,B,1000
09:47:30,5.95,B,200
09:47:30,5.95,B,1000
09:47:30,5.95,B,100
09:47:30,5.95,B,500
09:47:30,5.94,S,100
09:47:33,5.94,S,200
09:47:33,5.94,S,200
09:47:33,5.94,S,500
09:47:33,5.94,S,1100
09:47:35,5.94,S,2000
09:47:35,5.94,S,10900
09:47:35,5.94,S,3900
09:47:36,5.94,S,1100
09:47:36,5.94,S,5000
09:47:36,5.94,S,800
09:47:36,5.94,S,200
09:47:36,5.94,S,1000
09:47:36,5.94,S,14600
09:47:36,5.94,S,200
09:47:36,5.94,S,500
09:47:36,5.94,S,1200
09:47:36,5.94,S,900
09:47:36,5.94,S,2500
09:47:38,5.94,S,500
09:47:40,5.95,B,700
09:47:40,5.95,B,1300
09:47:40,5.95,B,1400
09:47:41,5.95,B,300
09:47:41,5.95,B,1000
09:47:41,5.95,B,6700
09:47:42,5.94,S,900
09:47:42,5.95,B,30000
09:47:42,5.95,B,3000
09:47:43,5.94,S,1200
09:47:43,5.94,S,700
09:47:43,5.94,S,1000
09:47:43,5.94,S,3000
09:47:43,5.94,S,6000
09:47:44,5.95,B,400
09:47:44,5.94,S,800
09:47:45,5.94,S,100
09:47:46,5.94,S,13100
09:47:46,5.94,S,1000
09:47:46,5.94,S,400
09:47:47,5.95,B,800
09:47:47,5.94,S,100
09:47:48,5.94,S,500
09:47:48,5.94,S,200
09:47:48,5.94,S,1700
09:47:48,5.94,S,1500
09:47:48,5.94,S,1000
09:47:48,5.94,S,300
09:47:48,5.94,S,800
09:47:49,5.95,B,200
09:47:49,5.94,S,4300
09:47:49,5.94,S,300
09:47:49,5.94,S,1000
09:47:49,5.94,S,3300
09:47:49,5.94,S,1900
09:47:49,5.94,S,200
09:47:49,5.94,S,100
09:47:49,5.94,S,400
09:47:49,5.94,S,2000
09:47:49,5.94,S,200
09:47:49,5.94,S,1800
09:47:51,5.94,B,1000
09:47:52,5.94,B,1400
09:47:55,5.94,S,400
09:47:55,5.94,S,200
09:47:55,5.95,B,1000
09:47:55,5.94,S,1000
09:47:55,5.94,S,4000
09:47:56,5.95,B,3000
09:47:56,5.95,B,2000
09:47:57,5.94,S,1000
09:47:58,5.95,B,3000
09:48:00,5.94,S,2000
09:48:00,5.94,S,300
09:48:00,5.94,S,100
09:48:00,5.94,S,1300
09:48:00,5.94,S,100
09:48:01,5.95,B,400
09:48:06,5.94,S,500
09:48:08,5.95,B,20000
09:48:08,5.94,S,3100
09:48:08,5.94,S,2200
09:48:08,5.94,S,400
09:48:08,5.94,S,500
09:48:08,5.94,S,500
09:48:08,5.94,S,1000
09:48:08,5.94,S,2800
09:48:08,5.94,B,600
09:48:08,5.94,B,51
09:48:09,5.94,S,300
09:48:10,5.94,S,1000
09:48:11,5.95,B,1500
09:48:11,5.94,S,2000
09:48:12,5.94,S,300
09:48:13,5.95,B,5000
09:48:13,5.95,B,100
09:48:15,5.95,B,400
09:48:16,5.95,B,100
09:48:19,5.94,S,300
09:48:19,5.94,S,349
09:48:19,5.94,S,100
09:48:21,5.94,B,251
09:48:21,5.95,B,1849
09:48:21,5.95,B,100
09:48:24,5.94,S,2000
09:48:24,5.94,S,8000
09:48:24,5.93,S,500
09:48:24,5.93,S,5000
09:48:24,5.93,S,4000
09:48:24,5.93,S,2000
09:48:24,5.93,S,600
09:48:24,5.93,S,500
09:48:24,5.93,S,1400
09:48:24,5.93,S,7100
09:48:25,5.94,B,1100
09:48:26,5.93,S,2000
09:48:29,5.94,B,100
09:48:31,5.94,B,20000
09:48:31,5.94,B,7400
09:48:31,5.94,B,4800
09:48:31,5.94,B,2000
09:48:31,5.94,B,23100
09:48:31,5.94,B,1500
09:48:31,5.94,B,100
09:48:31,5.94,B,4200
09:48:32,5.94,S,500
09:48:33,5.95,B,200
09:48:33,5.95,B,3000
09:48:34,5.95,B,1000
09:48:34,5.94,S,7100
09:48:34,5.94,S,1000
09:48:35,5.94,B,7400
09:48:35,5.94,S,3000
09:48:35,5.94,S,700
09:48:37,5.95,B,300
09:48:38,5.95,B,1800
09:48:39,5.94,S,18900
09:48:39,5.94,S,300
09:48:39,5.94,S,30000
09:48:39,5.94,S,10000
09:48:39,5.94,B,1100
09:48:40,5.94,B,800
09:48:41,5.94,B,1000
09:48:43,5.94,B,1200
09:48:43,5.94,B,1300
09:48:43,5.93,S,4800
09:48:44,5.93,S,3000
09:48:46,5.94,B,100
09:48:46,5.94,B,5000
09:48:48,5.94,B,1500
09:48:49,5.94,B,4600
09:48:49,5.94,B,300
09:48:49,5.94,B,1000
09:48:51,5.94,B,500
09:48:51,5.94,B,5000
09:48:51,5.94,B,800
09:48:52,5.94,B,500
09:48:53,5.94,B,20000
09:48:53,5.94,B,2000
09:48:55,5.94,B,2000
09:48:55,5.94,B,1500
09:48:57,5.94,B,100
09:48:58,5.94,B,3000
09:48:58,5.94,B,900
09:48:58,5.94,B,500
09:48:58,5.94,B,800
09:48:58,5.94,B,500
09:48:59,5.94,B,400
09:48:59,5.94,B,2000
09:49:00,5.94,B,200
09:49:01,5.94,B,400
09:49:02,5.94,B,200
09:49:02,5.94,B,500
09:49:03,5.94,B,100
09:49:04,5.94,B,500
09:49:05,5.94,B,200
09:49:05,5.94,B,2300
09:49:05,5.94,B,2000
09:49:06,5.94,B,700
09:49:06,5.94,B,3000
09:49:06,5.94,B,1300
09:49:06,5.94,B,2300
09:49:07,5.94,B,1000
09:49:07,5.94,B,400
09:49:07,5.93,S,100
09:49:08,5.94,B,1000
09:49:08,5.93,S,200
09:49:09,5.94,B,100
09:49:10,5.94,B,500
09:49:14,5.94,B,1400
09:49:14,5.94,B,3600
09:49:15,5.94,B,900
09:49:15,5.94,B,100
09:49:15,5.94,B,8000
09:49:16,5.94,B,3000
09:49:17,5.94,B,100
09:49:18,5.93,S,100
09:49:19,5.94,B,500
09:49:20,5.94,B,2500
09:49:20,5.94,B,1900
09:49:21,5.94,B,200
09:49:24,5.94,B,100
09:49:26,5.93,S,1000
09:49:26,5.94,B,10000
09:49:26,5.94,B,500
09:49:26,5.94,B,300
09:49:28,5.94,B,1200
09:49:28,5.94,B,3000
09:49:30,5.94,B,7000
09:49:32,5.94,B,300
09:49:33,5.94,B,200
09:49:33,5.94,B,1000
09:49:36,5.94,B,7100
09:49:37,5.93,S,1000
09:49:38,5.94,B,400
09:49:39,5.93,S,200
09:49:39,5.93,S,100
09:49:39,5.94,B,500
09:49:40,5.94,B,500
09:49:40,5.94,B,500
09:49:42,5.94,B,2000
09:49:42,5.94,B,2000
09:49:45,5.94,B,1700
09:49:47,5.93,S,400
09:49:48,5.94,B,1900
09:49:49,5.93,S,500
09:49:49,5.93,S,100
09:49:49,5.93,S,400
09:49:49,5.93,S,200
09:49:51,5.94,B,600
09:49:51,5.94,B,200
09:49:51,5.93,S,2000
09:49:52,5.93,S,400
09:49:52,5.93,S,1300
09:49:52,5.93,S,400
09:49:52,5.93,S,900
09:49:52,5.94,B,1000
09:49:53,5.94,B,2800
09:49:53,5.94,B,400
09:49:57,5.94,B,5000
09:49:59,5.94,B,400
09:50:00,5.94,B,500
09:50:01,5.93,S,2000
09:50:01,5.94,B,15700
09:50:02,5.94,B,300
09:50:04,5.94,B,3000
09:50:05,5.94,B,1000
09:50:06,5.93,S,2000
09:50:07,5.94,B,100
09:50:08,5.94,B,100
09:50:08,5.93,S,100
09:50:08,5.93,S,1900
09:50:10,5.94,B,1200
09:50:12,5.94,B,2900
09:50:12,5.94,B,500
09:50:13,5.94,B,3300
09:50:13,5.94,B,3000
09:50:13,5.94,B,2800
09:50:14,5.93,S,300
09:50:14,5.94,B,300
09:50:15,5.93,S,800
09:50:15,5.93,S,10000
09:50:15,5.93,S,900
09:50:15,5.93,S,1000
09:50:15,5.93,S,300
09:50:15,5.93,S,2000
09:50:15,5.93,S,900
09:50:15,5.93,S,4100
09:50:15,5.94,B,2600
09:50:15,5.94,B,1500
09:50:15,5.94,B,900
09:50:15,5.94,B,100
09:50:15,5.94,B,100
09:50:15,5.94,B,200
09:50:15,5.94,B,100
09:50:15,5.93,S,500
09:50:16,5.94,B,100
09:50:17,5.94,B,3300
09:50:17,5.94,B,1000
09:50:17,5.94,B,700
09:50:17,5.94,B,3700
09:50:19,5.94,B,5600
09:50:19,5.94,B,21400
09:50:22,5.94,B,2000
09:50:23,5.94,B,1500
09:50:23,5.93,S,400
09:50:23,5.93,S,500
09:50:23,5.93,S,1000
09:50:23,5.93,S,1000
09:50:23,5.93,S,300
09:50:23,5.93,S,1800
09:50:24,5.94,B,3000
09:50:24,5.94,B,1000
09:50:25,5.94,B,200
09:50:25,5.94,B,3800
09:50:25,5.93,S,200
09:50:25,5.93,S,300
09:50:26,5.94,B,2000
09:50:27,5.94,B,500
09:50:28,5.93,S,100
09:50:29,5.94,B,3100
09:50:29,5.94,B,800
09:50:29,5.94,B,200
09:50:29,5.94,B,200
09:50:29,5.94,B,600
09:50:29,5.94,B,400
09:50:29,5.94,B,100
09:50:30,5.93,S,700
09:50:32,5.94,B,500
09:50:32,5.94,B,400
09:50:32,5.94,B,9100
09:50:35,5.94,B,700
09:50:35,5.93,S,300
09:50:37,5.94,B,900
09:50:39,5.94,B,2300
09:50:39,5.94,B,1700
09:50:39,5.94,B,800
09:50:42,5.93,S,100
09:50:43,5.94,B,4200
09:50:43,5.94,B,1600
09:50:43,5.94,B,7000
09:50:46,5.94,B,1000
09:50:47,5.94,B,3000
09:50:47,5.94,B,700
09:50:49,5.94,B,300
09:50:49,5.93,S,500
09:50:49,5.93,S,1900
09:50:50,5.93,S,1100
09:50:50,5.93,S,1000
09:50:50,5.93,S,1000
09:50:50,5.93,S,3900
09:50:50,5.94,B,600
09:50:51,5.94,B,500
09:50:51,5.94,B,3000
09:50:51,5.94,B,5000
09:50:52,5.94,B,500
09:50:52,5.93,S,300
09:50:53,5.93,S,5800
09:50:53,5.93,S,1000
09:50:53,5.93,S,200
09:50:53,5.93,S,1000
09:50:53,5.93,S,2000
09:50:53,5.94,B,500
09:50:54,5.94,B,300
09:50:54,5.94,B,200
09:50:55,5.94,B,100
09:50:55,5.94,B,200
09:50:56,5.94,B,5000
09:50:56,5.93,S,900
09:50:56,5.93,S,100
09:50:56,5.93,S,3000
09:50:56,5.93,S,1000
09:50:57,5.94,B,300
09:50:57,5.94,B,1000
09:50:57,5.94,B,2000
09:50:58,5.93,S,500
09:50:58,5.93,S,500
09:50:58,5.93,S,500
09:51:00,5.94,B,10000
09:51:00,5.94,B,3000
09:51:00,5.94,B,1000
09:51:01,5.93,S,200
09:51:01,5.93,S,1300
09:51:01,5.94,B,2000
09:51:01,5.93,S,600
09:51:03,5.93,S,300
09:51:05,5.93,S,500
09:51:07,5.94,B,500
09:51:09,5.93,S,1100
09:51:09,5.94,B,200
09:51:10,5.93,S,1000
09:51:12,5.93,S,100
09:51:14,5.93,S,15100
09:51:14,5.93,S,2000
09:51:14,5.93,S,400
09:51:14,5.93,S,100
09:51:14,5.93,S,1500
09:51:15,5.94,B,9500
09:51:17,5.94,B,200
09:51:18,5.94,B,19233
09:51:18,5.94,B,500
09:51:18,5.94,B,100
09:51:18,5.94,B,3000
09:51:18,5.94,B,1400
09:51:18,5.94,B,1500
09:51:18,5.94,B,3000
09:51:18,5.94,B,400
09:51:18,5.94,B,1000
09:51:18,5.94,B,3967
09:51:18,5.94,B,16033
09:51:18,5.94,B,1700
09:51:18,5.94,B,500
09:51:18,5.94,B,1000
09:51:18,5.94,B,767
09:51:18,5.94,B,2000
09:51:19,5.93,S,1000
09:51:20,5.94,B,200
09:51:21,5.93,S,1400
09:51:21,5.93,S,1000
09:51:21,5.93,S,8400
09:51:21,5.93,S,300
09:51:21,5.93,S,1000
09:51:21,5.93,S,20000
09:51:21,5.93,S,800
09:51:21,5.93,S,3000
09:51:21,5.93,S,1000
09:51:21,5.93,S,5000
09:51:21,5.93,S,8800
09:51:21,5.93,S,1000
09:51:21,5.93,S,1000
09:51:21,5.93,S,1000
09:51:21,5.93,S,300
09:51:21,5.93,S,500
09:51:21,5.93,S,2000
09:51:21,5.93,S,1000
09:51:21,5.93,S,1000
09:51:21,5.93,S,900
09:51:21,5.93,S,300
09:51:21,5.93,S,100
09:51:21,5.93,S,5000
09:51:21,5.93,S,400
09:51:21,5.93,S,1000
09:51:21,5.93,S,700
09:51:21,5.93,S,400
09:51:21,5.93,S,10000
09:51:21,5.93,S,2000
09:51:21,5.93,S,1000
09:51:21,5.93,S,2000
09:51:21,5.93,S,12200
09:51:21,5.93,S,30000
09:51:21,5.93,S,800
09:51:21,5.93,S,12000
09:51:21,5.93,S,2000
09:51:24,5.93,S,2500
09:51:24,5.93,S,3400
09:51:24,5.94,B,33
09:51:24,5.94,B,1967
09:51:25,5.94,B,100
09:51:26,5.94,B,3000
09:51:27,5.94,B,4933
09:51:27,5.94,B,100
09:51:27,5.94,B,3900
09:51:27,5.94,B,1000
09:51:27,5.94,B,867
09:51:28,5.94,B,133
09:51:28,5.94,B,300
09:51:28,5.94,B,900
09:51:28,5.94,B,200
09:51:28,5.94,B,1467
09:51:28,5.94,B,1533
09:51:28,5.94,B,3000
09:51:28,5.94,B,17267
09:51:28,5.93,S,1100
09:51:28,5.93,S,300
09:51:29,5.94,B,1000
09:51:29,5.94,B,100
09:51:29,5.93,S,400
09:51:29,5.93,S,200
09:51:30,5.94,B,1000
09:51:30,5.94,B,600
09:51:30,5.94,B,4000
09:51:33,5.94,B,1000
09:51:34,5.93,S,1300
09:51:34,5.93,S,2000
09:51:34,5.93,S,700
09:51:34,5.93,S,5000
09:51:34,5.93,S,200
09:51:34,5.93,S,2000
09:51:34,5.93,S,500
09:51:34,5.93,S,1600
09:51:34,5.93,S,500
09:51:34,5.93,S,1200
09:51:34,5.94,B,1000
09:51:34,5.94,B,100
09:51:34,5.94,B,100
09:51:35,5.94,B,1000
09:51:36,5.93,S,100
09:51:36,5.94,B,1000
09:51:37,5.93,S,4500
09:51:38,5.93,S,3000
09:51:40,5.94,B,1000
09:51:40,5.93,S,200
09:51:40,5.94,B,833
09:51:40,5.94,B,4167
09:51:41,5.94,B,10000
09:51:41,5.94,B,1800
09:51:41,5.94,B,500
09:51:42,5.93,S,300
09:51:43,5.93,S,700
09:51:43,5.93,S,500
09:51:44,5.93,S,1200
09:51:44,5.93,S,800
09:51:44,5.94,B,1000
09:51:44,5.93,S,2000
09:51:44,5.94,B,1000
09:51:45,5.93,S,1000
09:51:45,5.94,B,1533
09:51:45,5.94,B,500
09:51:45,5.94,B,2200
09:51:45,5.94,B,767
09:51:47,5.94,B,233
09:51:47,5.94,B,5767
09:51:47,5.94,B,100
09:51:49,5.93,S,500
09:51:49,5.94,B,700
09:51:49,5.93,S,700
09:51:49,5.93,S,2800
09:51:49,5.93,S,1000
09:51:49,5.93,S,500
09:51:49,5.94,B,200
09:51:52,5.94,B,300
09:51:55,5.94,B,100
09:51:59,5.94,B,200
09:51:59,5.93,S,200
09:52:00,5.94,B,2000
09:52:00,5.94,B,500
09:52:01,5.94,B,200
09:52:02,5.94,B,200
09:52:04,5.93,S,300
09:52:04,5.93,S,700
09:52:04,5.94,B,1400
09:52:07,5.94,B,300
09:52:07,5.93,S,1000
09:52:08,5.94,B,1100
09:52:08,5.93,S,300
09:52:08,5.93,S,3000
09:52:08,5.93,S,100
09:52:08,5.93,S,5000
09:52:08,5.93,S,1200
09:52:08,5.93,S,1000
09:52:08,5.93,S,200
09:52:08,5.93,S,100
09:52:08,5.93,S,400
09:52:08,5.93,S,700
09:52:09,5.93,S,4700
09:52:11,5.94,B,300
09:52:11,5.94,B,500
09:52:12,5.93,S,100
09:52:12,5.93,S,2000
09:52:15,5.94,B,2000
09:52:16,5.94,B,400
09:52:17,5.94,B,800
09:52:17,5.94,B,3800
09:52:17,5.93,S,300
09:52:17,5.93,S,1000
09:52:17,5.93,S,100
09:52:17,5.93,S,200
09:52:20,5.93,S,500
09:52:21,5.93,S,1300
09:52:21,5.93,S,500
09:52:21,5.93,S,200
09:52:23,5.94,B,433
09:52:23,5.94,B,67
09:52:23,5.94,B,3000
09:52:24,5.94,B,100
09:52:24,5.94,B,1000
09:52:26,5.93,S,1000
09:52:26,5.94,B,2000
09:52:26,5.94,B,2000
09:52:27,5.93,S,28800
09:52:27,5.93,S,500
09:52:27,5.93,S,1000
09:52:27,5.93,S,9700
09:52:28,5.94,B,2000
09:52:28,5.93,S,1400
09:52:28,5.93,S,400
09:52:28,5.93,S,2000
09:52:28,5.94,B,10000
09:52:28,5.94,B,5000
09:52:28,5.93,S,1200
09:52:29,5.94,B,10000
09:52:30,5.93,S,2000
09:52:30,5.93,S,300
09:52:31,5.93,S,1000
09:52:33,5.94,B,100
09:52:33,5.93,S,300
09:52:34,5.93,S,2000
09:52:36,5.94,B,2000
09:52:38,5.94,B,2000
09:52:40,5.94,B,2733
09:52:40,5.94,B,3000
09:52:40,5.94,B,2800
09:52:40,5.94,B,1467
09:52:40,5.94,B,533
09:52:40,5.94,B,500
09:52:40,5.94,B,1200
09:52:40,5.94,B,8000
09:52:40,5.94,B,600
09:52:40,5.94,B,3000
09:52:40,5.94,B,5000
09:52:40,5.94,B,1167
09:52:41,5.93,S,5000
09:52:41,5.94,B,100
09:52:42,5.93,S,35000
09:52:44,5.93,S,5000
09:52:46,5.94,B,300
09:52:47,5.94,B,6500
09:52:47,5.93,S,1500
09:52:48,5.93,S,2000
09:52:49,5.94,B,200
09:52:50,5.93,S,3800
09:52:50,5.94,B,1733
09:52:50,5.94,B,300
09:52:50,5.94,B,400
09:52:50,5.94,S,500
09:52:51,5.94,S,400
09:52:51,5.94,S,1867
09:52:51,5.94,S,1000
09:52:51,5.93,S,133
09:52:52,5.94,S,500
09:52:53,5.94,S,3100
09:52:54,5.94,S,400
09:52:54,5.94,S,1000
09:52:54,5.94,S,2000
09:52:54,5.94,B,5000
09:52:56,5.94,B,1600
09:52:56,5.94,B,400
09:52:56,5.94,B,100
09:52:56,5.95,B,100
09:52:57,5.94,S,100
09:53:00,5.94,S,4000
09:53:00,5.94,S,800
09:53:01,5.94,S,200
09:53:02,5.94,S,4900
09:53:02,5.94,S,900
09:53:05,5.94,S,1100
09:53:05,5.94,S,900
09:53:05,5.95,B,2000
09:53:05,5.95,B,1000
09:53:07,5.94,S,2700
09:53:07,5.94,S,1100
09:53:07,5.94,S,3200
09:53:07,5.94,S,200
09:53:07,5.94,S,1200
09:53:07,5.94,S,2000
09:53:07,5.94,S,300
09:53:07,5.94,S,5400
09:53:07,5.95,B,5000
09:53:07,5.94,S,100
09:53:09,5.94,S,100
09:53:10,5.95,B,10000
09:53:11,5.94,S,5000
09:53:11,5.94,S,500
09:53:11,5.95,B,1000
09:53:12,5.94,S,1500
09:53:12,5.94,S,500
09:53:13,5.95,B,10000
09:53:14,5.94,S,2000
09:53:15,5.94,S,100
09:53:16,5.95,B,20000
09:53:16,5.95,B,500
09:53:18,5.94,S,100
09:53:19,5.94,S,200
09:53:20,5.94,S,1300
09:53:20,5.94,S,20000
09:53:22,5.94,S,300
09:53:23,5.94,S,1600
09:53:24,5.94,S,800
09:53:25,5.95,B,1000
09:53:25,5.94,S,4000
09:53:26,5.94,S,1300
09:53:28,5.95,B,700
09:53:29,5.94,S,12000
09:53:31,5.95,B,100
09:53:32,5.94,S,800
09:53:35,5.94,S,4000
09:53:35,5.95,B,5000
09:53:35,5.95,B,1000
09:53:35,5.94,S,200
09:53:36,5.95,B,5000
09:53:38,5.95,B,1000
09:53:38,5.94,S,10000
09:53:38,5.95,B,1000
09:53:39,5.95,B,2000
09:53:40,5.94,S,2000
09:53:42,5.95,B,5000
09:53:43,5.95,B,500
09:53:44,5.94,S,10000
09:53:44,5.95,B,1100
09:53:45,5.95,B,100
09:53:45,5.94,S,1000
09:53:46,5.95,B,900
09:53:46,5.95,B,1000
09:53:47,5.94,S,500
09:53:48,5.95,B,1000
09:53:48,5.95,B,6300
09:53:49,5.95,B,100
09:53:53,5.95,B,500
09:53:53,5.94,S,300
09:53:54,5.94,S,1800
09:53:54,5.94,S,2000
09:53:54,5.95,B,100
09:53:54,5.94,S,1000
09:53:56,5.94,S,2000
09:53:57,5.95,B,1000
09:53:58,5.95,B,300
09:54:00,5.95,B,1200
09:54:01,5.94,S,5900
09:54:01,5.94,S,500
09:54:01,5.94,S,900
09:54:01,5.94,S,1400
09:54:01,5.94,S,900
09:54:01,5.94,S,5000
09:54:01,5.94,S,400
09:54:01,5.94,S,700
09:54:01,5.94,S,2000
09:54:01,5.94,S,1200
09:54:01,5.94,S,10000
09:54:01,5.94,S,1000
09:54:01,5.94,S,100
09:54:02,5.95,B,2000
09:54:05,5.95,B,500
09:54:06,5.95,B,100
09:54:10,5.95,B,2000
09:54:12,5.95,B,200
09:54:12,5.94,S,800
09:54:12,5.94,S,200
09:54:12,5.95,B,500
09:54:13,5.94,S,300
09:54:13,5.94,S,1000
09:54:13,5.94,S,600
09:54:13,5.95,B,2000
09:54:14,5.94,S,3000
09:54:16,5.94,S,100
09:54:17,5.95,B,100
09:54:17,5.95,B,500
09:54:17,5.95,B,4000
09:54:18,5.95,B,200
09:54:18,5.95,B,100
09:54:19,5.94,S,3100
09:54:19,5.95,B,2000
09:54:20,5.94,S,2000
09:54:20,5.95,B,100
09:54:21,5.95,B,300
09:54:22,5.94,S,3200
09:54:23,5.95,B,5700
09:54:23,5.94,S,800
09:54:24,5.95,B,300
09:54:25,5.95,B,3100
09:54:25,5.95,B,1000
09:54:27,5.95,B,1000
09:54:27,5.95,B,500
09:54:27,5.94,S,500
09:54:29,5.95,B,2000
09:54:29,5.94,S,2000
09:54:30,5.94,S,1300
09:54:31,5.95,B,2800
09:54:32,5.94,S,500
09:54:32,5.95,B,300
09:54:33,5.95,B,1000
09:54:33,5.94,S,650
09:54:35,5.94,S,2000
09:54:35,5.95,B,10000
09:54:35,5.95,B,100
09:54:38,5.95,B,5000
09:54:38,5.95,B,100
09:54:39,5.95,B,1000
09:54:39,5.95,B,500
09:54:40,5.95,B,500
09:54:40,5.94,S,100
09:54:41,5.95,B,100
09:54:41,5.95,B,2000
09:54:42,5.95,B,1000
09:54:43,5.95,B,100
09:54:43,5.95,B,1000
09:54:43,5.95,B,100
09:54:44,5.94,S,150
09:54:44,5.94,S,150
09:54:44,5.95,B,500
09:54:45,5.95,B,5000
09:54:45,5.95,B,300
09:54:46,5.95,B,100
09:54:47,5.95,B,2000
09:54:48,5.95,B,100
09:54:48,5.95,B,1000
09:54:49,5.95,B,3000
09:54:51,5.95,B,1000
09:54:51,5.95,B,700
09:54:53,5.95,B,200
09:54:53,5.95,B,200
09:54:53,5.95,B,100
09:54:54,5.94,S,50
09:54:54,5.94,S,50
09:54:55,5.95,B,2000
09:54:56,5.94,S,100
09:54:56,5.95,B,2000
09:54:58,5.95,B,4400
09:54:59,5.95,B,2000
09:54:59,5.95,B,500
09:55:00,5.95,B,3600
09:55:01,5.94,S,850
09:55:01,5.94,S,1350
09:55:01,5.95,B,51
09:55:01,5.95,B,100
09:55:01,5.95,B,200
09:55:01,5.95,B,149
09:55:01,5.95,B,851
09:55:01,5.95,B,149
09:55:01,5.95,B,100
09:55:01,5.95,B,200
09:55:02,5.95,B,51
09:55:02,5.95,B,100
09:55:02,5.95,B,2849
09:55:02,5.95,B,100
09:55:03,5.95,B,8400
09:55:04,5.95,B,1000
09:55:05,5.95,B,5000
09:55:05,5.95,B,500
09:55:06,5.95,B,2151
09:55:06,5.95,B,2200
09:55:06,5.95,B,500
09:55:06,5.95,B,900
09:55:06,5.95,B,100
09:55:06,5.95,B,10000
09:55:06,5.95,B,100
09:55:06,5.95,B,1200
09:55:06,5.95,B,300
09:55:06,5.95,B,5250
09:55:06,5.95,B,1000
09:55:06,5.95,B,800
09:55:06,5.95,B,900
09:55:06,5.95,B,400
09:55:06,5.95,B,600
09:55:06,5.95,B,300
09:55:06,5.95,B,1000
09:55:06,5.95,B,7100
09:55:06,5.95,B,2300
09:55:06,5.95,B,100
09:55:06,5.95,B,10000
09:55:06,5.95,B,1500
09:55:06,5.95,B,1700
09:55:06,5.95,B,500
09:55:06,5.95,B,100
09:55:06,5.95,B,10000
09:55:06,5.95,B,6000
09:55:06,5.95,B,4000
09:55:06,5.95,B,500
09:55:06,5.95,B,1000
09:55:06,5.95,B,2000
09:55:06,5.95,B,3700
09:55:06,5.95,B,300
09:55:06,5.95,B,3700
09:55:06,5.95,B,1300
09:55:06,5.95,B,500
09:55:06,5.95,B,5000
09:55:06,5.95,B,1000
09:55:06,5.95,B,400
09:55:06,5.95,B,700
09:55:06,5.95,B,1200
09:55:06,5.95,B,1000
09:55:06,5.95,B,2600
09:55:06,5.95,B,100
09:55:06,5.95,B,300
09:55:06,5.95,B,600
09:55:06,5.95,B,49800
09:55:06,5.95,B,4000
09:55:06,5.95,B,1000
09:55:06,5.95,B,600
09:55:06,5.95,B,3600
09:55:06,5.95,B,400
09:55:06,5.95,B,1000
09:55:06,5.95,B,1400
09:55:06,5.95,B,100
09:55:06,5.95,B,200
09:55:06,5.95,B,1000
09:55:06,5.95,B,200
09:55:06,5.95,B,10000
09:55:06,5.95,B,700
09:55:06,5.95,B,200
09:55:06,5.95,B,1700
09:55:06,5.95,B,200
09:55:06,5.95,B,22700
09:55:06,5.95,B,5000
09:55:06,5.95,B,1000
09:55:06,5.95,B,13300
09:55:06,5.95,B,300
09:55:06,5.95,B,800
09:55:06,5.95,B,400
09:55:06,5.95,B,2000
09:55:06,5.95,B,3200
09:55:08,5.95,S,300
09:55:09,5.95,S,3000
09:55:10,5.95,S,1700
09:55:10,5.95,S,2500
09:55:12,5.96,B,400
09:55:16,5.95,S,1800
09:55:20,5.95,S,68999
09:55:20,5.95,S,3000
09:55:20,5.95,S,800
09:55:20,5.95,S,800
09:55:20,5.95,S,1000
09:55:20,5.95,S,3000
09:55:20,5.95,S,3000
09:55:20,5.95,S,2000
09:55:21,5.95,B,300
09:55:21,5.95,B,3801
09:55:21,5.95,B,200
09:55:21,5.95,S,200
09:55:24,5.96,B,4600
09:55:24,5.96,B,400
09:55:27,5.95,S,500
09:55:30,5.96,B,100
09:55:30,5.96,B,1500
09:55:31,5.95,S,299
09:55:31,5.95,S,500
09:55:31,5.95,S,2201
09:55:33,5.95,S,7799
09:55:33,5.95,S,2000
09:55:33,5.95,S,5000
09:55:33,5.95,S,1000
09:55:33,5.95,S,1200
09:55:33,5.95,S,1000
09:55:33,5.95,S,2001
09:55:34,5.96,B,1500
09:55:34,5.96,B,200
09:55:35,5.96,B,2000
09:55:36,5.96,B,2000
09:55:37,5.95,S,999
09:55:37,5.95,S,201
09:55:38,5.95,S,1599
09:55:38,5.95,S,2000
09:55:38,5.95,S,2100
09:55:38,5.95,S,3000
09:55:38,5.95,S,1001
09:55:40,5.95,S,2000
09:55:42,5.95,S,99
09:55:42,5.95,S,201
09:55:42,5.95,S,1000
09:55:44,5.95,S,1000
09:55:45,5.96,B,1500
09:55:47,5.95,S,799
09:55:47,5.95,S,601
09:55:48,5.95,S,299
09:55:48,5.95,S,1
09:55:49,5.95,S,100
09:55:52,5.95,S,100
09:55:53,5.96,B,2000
09:55:54,5.95,S,100
09:55:55,5.96,B,100
09:55:55,5.96,B,2000
09:55:56,5.95,S,500
09:55:58,5.95,S,199
09:55:58,5.95,S,700
09:55:58,5.95,S,2101
09:55:59,5.96,B,100
09:56:01,5.95,S,899
09:56:01,5.95,S,2901
09:56:01,5.96,B,1300
09:56:01,5.96,B,2000
09:56:01,5.96,B,2000
09:56:01,5.96,B,1000
09:56:01,5.96,B,500
09:56:01,5.96,B,1000
09:56:01,5.96,B,2200
09:56:02,5.95,S,7299
09:56:02,5.95,S,600
09:56:02,5.95,S,1500
09:56:02,5.95,S,601
09:56:02,5.96,B,100
09:56:02,5.95,S,1399
09:56:02,5.95,S,1000
09:56:02,5.95,S,1000
09:56:02,5.95,S,5000
09:56:02,5.95,S,2000
09:56:02,5.95,S,1200
09:56:02,5.95,S,15000
09:56:02,5.95,S,3000
09:56:02,5.95,S,3000
09:56:02,5.95,S,700
09:56:02,5.95,S,3000
09:56:02,5.95,S,3000
09:56:02,5.95,S,5000
09:56:02,5.95,S,1000
09:56:02,5.95,B,17400
09:56:03,5.95,B,1000
09:56:03,5.95,B,100
09:56:03,5.95,B,3000
09:56:04,5.95,B,3000
09:56:05,5.95,B,68700
09:56:06,5.95,B,1000
09:56:07,5.95,B,60501
09:56:07,5.95,B,1000
09:56:07,5.95,B,400
09:56:07,5.96,B,2000
09:56:08,5.95,S,27600
09:56:08,5.96,B,700
09:56:08,5.96,B,1000
09:56:08,5.96,B,300
09:56:08,5.96,B,300
09:56:08,5.96,B,100
09:56:08,5.96,B,1600
09:56:10,5.96,B,100
09:56:10,5.96,B,100
09:56:10,5.96,B,700
09:56:10,5.96,B,200
09:56:11,5.95,S,900
09:56:11,5.95,S,700
09:56:11,5.96,B,100
09:56:11,5.96,B,2000
09:56:11,5.96,B,2400
09:56:11,5.96,B,1000
09:56:11,5.96,B,2000
09:56:11,5.96,B,2500
09:56:11,5.95,S,1700
09:56:13,5.96,B,100
09:56:15,5.96,B,2000
09:56:15,5.96,B,13000
09:56:16,5.95,S,1000
09:56:17,5.96,B,2400
09:56:17,5.96,B,100
09:56:17,5.96,B,400
09:56:17,5.96,B,2000
09:56:17,5.96,B,10000
09:56:17,5.96,B,600
09:56:17,5.96,B,4400
09:56:17,5.96,B,1000
09:56:17,5.96,B,2900
09:56:17,5.96,B,1000
09:56:17,5.96,B,400
09:56:17,5.96,B,5000
09:56:17,5.96,B,1600
09:56:17,5.96,B,1000
09:56:17,5.96,B,2000
09:56:17,5.96,B,2000
09:56:17,5.96,B,1650
09:56:17,5.96,B,20000
09:56:17,5.96,B,400
09:56:17,5.96,B,1400
09:56:17,5.96,B,1000
09:56:17,5.96,B,1200
09:56:17,5.96,B,10000
09:56:17,5.96,B,300
09:56:17,5.96,B,1000
09:56:17,5.96,B,700
09:56:17,5.96,B,100
09:56:17,5.96,B,15600
09:56:17,5.96,B,9850
09:56:18,5.95,S,100
09:56:18,5.96,B,150
09:56:18,5.96,B,900
09:56:18,5.96,B,500
09:56:18,5.96,B,450
09:56:18,5.95,S,2000
09:56:19,5.95,S,100
09:56:19,5.95,S,100
09:56:23,5.96,B,1000
09:56:23,5.95,S,1500
09:56:25,5.96,B,300
09:56:26,5.96,B,200
09:56:26,5.96,B,650
09:56:26,5.96,B,2900
09:56:26,5.96,B,100
09:56:26,5.96,B,1000
09:56:26,5.96,B,3200
09:56:26,5.96,B,600
09:56:27,5.96,S,3000
09:56:27,5.96,S,700
09:56:27,5.96,S,600
09:56:30,5.96,S,100
09:56:32,5.96,S,10000
09:56:33,5.96,S,300
09:56:33,5.96,S,2000
09:56:33,5.96,S,700
09:56:33,5.96,S,400
09:56:37,5.96,S,1350
09:56:37,5.96,S,1000
09:56:37,5.96,S,1000
09:56:37,5.95,S,7850
09:56:41,5.96,S,200
09:56:41,5.96,S,100
09:56:41,5.96,S,500
09:56:41,5.96,S,2400
09:56:42,5.96,S,300
09:56:43,5.96,S,2000
09:56:48,5.97,B,300
09:56:52,5.96,S,3800
09:56:53,5.97,B,200
09:56:54,5.96,S,2000
09:56:56,5.96,S,2600
09:56:58,5.96,S,1000
09:56:59,5.96,S,1000
09:57:03,5.96,S,100
09:57:04,5.97,B,10000
09:57:04,5.97,B,4600
09:57:06,5.97,B,3000
09:57:06,5.96,S,300
09:57:06,5.97,B,6000
09:57:06,5.97,B,300
09:57:07,5.96,S,1000
09:57:08,5.97,B,10000
09:57:10,5.96,S,937
09:57:10,5.97,B,100
09:57:12,5.97,B,3000
09:57:14,5.97,B,800
09:57:15,5.97,B,10000
09:57:16,5.97,B,8800
09:57:16,5.97,B,1200
09:57:16,5.97,B,4100
09:57:16,5.97,B,100
09:57:17,5.96,S,15000
09:57:17,5.96,S,2100
09:57:17,5.96,S,1100
09:57:21,5.97,B,1600
09:57:21,5.97,B,400
09:57:24,5.96,S,2000
09:57:25,5.97,B,200
09:57:25,5.96,S,10000
09:57:26,5.97,B,400
09:57:26,5.97,B,1000
09:57:26,5.97,B,3600
09:57:26,5.97,B,500
09:57:26,5.97,B,700
09:57:26,5.97,B,500
09:57:27,5.97,B,2100
09:57:28,5.97,B,2000
09:57:29,5.96,S,700
09:57:31,5.97,B,1500
09:57:33,5.97,B,400
09:57:33,5.97,B,300
09:57:33,5.97,B,400
09:57:34,5.96,S,1700
09:57:36,5.97,B,500
09:57:37,5.97,B,300
09:57:38,5.96,S,8000
09:57:40,5.97,B,100
09:57:40,5.97,B,100
09:57:40,5.97,B,200
09:57:40,5.97,B,800
09:57:42,5.97,B,500
09:57:42,5.97,B,500
09:57:42,5.97,B,500
09:57:42,5.97,B,1500
09:57:43,5.96,S,300
09:57:44,5.97,B,3000
09:57:44,5.97,B,300
09:57:44,5.97,B,500
09:57:44,5.97,B,1000
09:57:44,5.97,B,2000
09:57:44,5.97,B,1000
09:57:44,5.97,B,5000
09:57:44,5.97,B,1700
09:57:45,5.97,B,1000
09:57:45,5.97,B,500
09:57:45,5.97,B,800
09:57:45,5.97,B,500
09:57:45,5.97,B,700
09:57:47,5.96,S,1000
09:57:47,5.97,B,1000
09:57:48,5.97,B,1800
09:57:48,5.97,B,200
09:57:48,5.96,S,100
09:57:49,5.97,B,200
09:57:50,5.97,B,100
09:57:50,5.97,B,400
09:57:50,5.97,B,1500
09:57:50,5.97,B,1400
09:57:50,5.97,B,1000
09:57:50,5.97,B,500
09:57:50,5.97,B,3100
09:57:50,5.97,B,1900
09:57:50,5.97,B,200
09:57:50,5.97,B,1000
09:57:50,5.97,B,5200
09:57:51,5.96,S,13000
09:57:52,5.97,B,500
09:57:52,5.97,B,500
09:57:53,5.96,S,300
09:57:54,5.97,B,500
09:57:54,5.97,B,1000
09:57:54,5.96,S,1000
09:57:55,5.97,B,2300
09:57:55,5.97,B,1200
09:57:55,5.97,B,100
09:57:55,5.97,B,1300
09:57:56,5.96,S,500
09:57:57,5.96,S,5000
09:57:57,5.96,S,600
09:57:58,5.97,B,200
09:57:58,5.97,B,300
09:57:58,5.97,B,8900
09:57:59,5.97,B,500
09:58:01,5.97,B,3000
09:58:01,5.97,B,7600
09:58:01,5.97,B,100
09:58:01,5.97,B,7500
09:58:01,5.97,B,1000
09:58:01,5.97,B,300
09:58:01,5.97,B,23100
09:58:01,5.97,B,3000
09:58:01,5.97,B,700
09:58:01,5.97,B,800
09:58:01,5.97,B,400
09:58:01,5.97,B,200
09:58:01,5.97,B,300
09:58:01,5.97,B,200
09:58:01,5.97,B,5000
09:58:01,5.97,B,8800
09:58:01,5.97,B,10000
09:58:01,5.97,B,5000
09:58:01,5.97,B,200
09:58:01,5.97,B,500
09:58:01,5.97,B,25300
09:58:02,5.97,B,1200
09:58:03,5.97,B,300
09:58:05,5.97,B,500
09:58:07,5.97,B,2000
09:58:07,5.96,S,2000
09:58:07,5.97,B,3000
09:58:07,5.96,S,200
09:58:08,5.96,S,2000
09:58:09,5.97,B,700
09:58:10,5.96,S,1800
09:58:11,5.96,S,2000
09:58:11,5.96,S,1000
09:58:11,5.97,B,5000
09:58:12,5.97,B,62000
09:58:12,5.97,B,1000
09:58:12,5.97,B,5400
09:58:12,5.97,B,2000
09:58:12,5.97,B,500
09:58:12,5.97,B,1000
09:58:12,5.97,B,8100
09:58:12,5.96,S,100
09:58:13,5.96,S,3000
09:58:13,5.97,B,800
09:58:13,5.97,B,1000
09:58:14,5.96,S,4600
09:58:14,5.97,B,1000
09:58:16,5.96,S,2900
09:58:18,5.96,S,563
09:58:18,5.96,S,300
09:58:18,5.96,S,13800
09:58:18,5.96,S,1000
09:58:18,5.96,S,3000
09:58:18,5.96,S,1000
09:58:18,5.96,S,5000
09:58:18,5.96,S,200
09:58:18,5.96,S,1000
09:58:18,5.96,S,1000
09:58:18,5.96,S,1000
09:58:18,5.96,S,5000
09:58:18,5.96,S,10000
09:58:18,5.96,S,1000
09:58:18,5.96,S,200
09:58:18,5.96,S,300
09:58:18,5.96,S,1300
09:58:18,5.96,S,100
09:58:18,5.96,S,1700
09:58:18,5.96,S,14037
09:58:20,5.97,B,300
09:58:20,5.96,S,500
09:58:22,5.96,S,5463
09:58:22,5.96,S,400
09:58:22,5.96,S,300
09:58:22,5.96,S,3837
09:58:23,5.97,B,1000
09:58:24,5.96,S,1000
09:58:25,5.97,B,5000
09:58:26,5.97,B,100
09:58:27,5.97,B,1000
09:58:29,5.96,S,700
09:58:30,5.96,S,500
09:58:30,5.96,S,200
09:58:31,5.97,B,200
09:58:31,5.97,B,600
09:58:32,5.96,S,363
09:58:32,5.96,S,137
09:58:32,5.97,B,700
09:58:32,5.96,S,163
09:58:32,5.96,S,2000
09:58:32,5.96,S,4137
09:58:34,5.97,B,3000
09:58:36,5.97,B,100
09:58:36,5.97,B,500
09:58:36,5.97,B,100
09:58:37,5.96,S,5863
09:58:37,5.96,S,500
09:58:37,5.96,S,500
09:58:37,5.96,S,1300
09:58:37,5.96,S,1000
09:58:37,5.96,S,537
09:58:37,5.97,B,500
09:58:37,5.97,B,900
09:58:37,5.97,B,2100
09:58:37,5.97,B,200
09:58:37,5.96,S,63
09:58:37,5.96,S,2000
09:58:37,5.96,S,500
09:58:37,5.96,S,300
09:58:37,5.96,S,2000
09:58:37,5.96,S,500
09:58:37,5.96,S,3900
09:58:37,5.96,S,737
09:58:38,5.96,S,463
09:58:38,5.96,S,400
09:58:38,5.96,S,3037
09:58:39,5.96,S,1700
09:58:40,5.97,B,2700
09:58:40,5.97,B,300
09:58:41,5.96,S,5263
09:58:41,5.96,S,18000
09:58:41,5.96,S,500
09:58:41,5.96,S,5000
09:58:41,5.96,S,1000
09:58:41,5.96,S,8200
09:58:41,5.96,S,5037
09:58:41,5.96,S,963
09:58:41,5.96,S,1000
09:58:41,5.96,S,800
09:58:41,5.96,S,300
09:58:41,5.96,S,2000
09:58:43,5.96,B,5000
09:58:43,5.96,B,1000
09:58:45,5.96,B,100
09:58:46,5.96,B,5000
09:58:46,5.96,B,3837
09:58:46,5.96,B,10000
09:58:46,5.96,B,5000
09:58:46,5.96,B,5000
09:58:46,5.97,B,2400
09:58:46,5.97,B,2000
09:58:46,5.97,B,1763
09:58:47,5.96,B,300
09:58:48,5.96,B,200
09:58:49,5.96,B,2500
09:58:49,5.96,B,1000
09:58:49,5.96,B,1000
09:58:49,5.96,B,500
09:58:52,5.96,B,5000
09:58:52,5.96,B,1000
09:58:52,5.96,B,3500
09:58:52,5.96,B,3800
09:58:52,5.96,B,1000
09:58:52,5.96,B,10400
09:58:52,5.96,B,300
09:58:52,5.96,B,500
09:58:53,5.96,B,2700
09:58:53,5.96,B,300
09:58:53,5.95,S,1000
09:58:55,5.96,B,1500
09:58:55,5.96,B,200
09:58:56,5.95,S,400
09:58:57,5.96,B,100
09:58:58,5.96,B,4000
09:58:58,5.96,B,6000
09:58:59,5.95,S,300
09:59:00,5.96,B,4000
09:59:00,5.96,B,100
09:59:00,5.96,B,1100
09:59:00,5.95,S,500
09:59:01,5.95,S,300
09:59:03,5.96,B,100
09:59:04,5.95,S,400
09:59:05,5.95,S,1800
09:59:06,5.96,B,200
09:59:08,5.96,B,500
09:59:11,5.96,B,5500
09:59:11,5.96,B,600
09:59:11,5.96,B,1000
09:59:11,5.96,B,2000
09:59:11,5.96,B,2000
09:59:11,5.96,B,500
09:59:11,5.96,B,1000
09:59:11,5.96,B,1000
09:59:11,5.96,B,200
09:59:11,5.96,B,8000
09:59:11,5.96,B,1400
09:59:11,5.96,B,17500
09:59:11,5.96,B,2000
09:59:11,5.96,B,5000
09:59:11,5.96,B,1800
09:59:11,5.96,B,500
09:59:11,5.95,S,5000
09:59:15,5.96,B,500
09:59:15,5.95,S,700
09:59:16,5.96,B,400
09:59:16,5.96,B,100
09:59:16,5.96,B,2900
09:59:16,5.96,B,1000
09:59:16,5.96,B,3600
09:59:16,5.95,S,1300
09:59:16,5.96,B,1100
09:59:16,5.96,B,300
09:59:16,5.96,S,1700
09:59:16,5.96,B,300
09:59:16,5.96,S,600
09:59:16,5.95,S,400
09:59:17,5.97,B,1237
09:59:17,5.97,B,1500
09:59:17,5.97,B,1200
09:59:17,5.97,B,3000
09:59:17,5.97,B,3000
09:59:17,5.97,B,10000
09:59:17,5.97,B,300
09:59:17,5.97,B,100000
09:59:17,5.97,B,10000
09:59:17,5.97,B,35600
09:59:17,5.97,B,13000
09:59:17,5.97,B,3600
09:59:17,5.97,B,500
09:59:17,5.97,B,700
09:59:17,5.97,B,100
09:59:17,5.97,B,2100
09:59:17,5.97,B,2100
09:59:17,5.97,B,500
09:59:17,5.97,B,5000
09:59:17,5.97,B,100
09:59:17,5.97,B,1000
09:59:17,5.97,B,2300
09:59:17,5.97,B,300
09:59:17,5.97,B,8100
09:59:17,5.97,B,900
09:59:17,5.97,B,500
09:59:17,5.97,B,10000
09:59:17,5.97,B,200
09:59:17,5.97,B,900
09:59:17,5.97,B,8000
09:59:17,5.97,B,3200
09:59:17,5.97,B,1100
09:59:17,5.97,B,1000
09:59:17,5.97,B,26363
09:59:18,5.95,S,4800
09:59:22,5.95,S,100
09:59:24,5.95,S,549
09:59:24,5.95,S,951
09:59:26,5.95,S,5000
09:59:28,5.96,B,100
09:59:28,5.95,S,100
09:59:28,5.96,B,400
09:59:29,5.95,S,300
09:59:30,5.96,B,100
09:59:30,5.95,S,500
09:59:31,5.95,S,1800
09:59:35,5.96,B,1100
09:59:35,5.96,B,400
09:59:35,5.96,B,600
09:59:35,5.96,B,6000
09:59:36,5.96,B,4000
09:59:36,5.96,B,800
09:59:36,5.96,B,9700
09:59:36,5.96,B,1500
09:59:36,5.96,B,1000
09:59:36,5.96,B,800
09:59:36,5.96,B,10000
09:59:36,5.96,S,300
09:59:38,5.96,S,5000
09:59:39,5.96,S,5000
09:59:40,5.96,S,1500
09:59:40,5.96,S,500
09:59:42,5.96,S,9900
09:59:42,5.96,S,1000
09:59:42,5.96,S,900
09:59:42,5.95,S,1349
09:59:42,5.95,S,1000
09:59:42,5.95,S,3000
09:59:42,5.95,S,700
09:59:42,5.95,S,100
09:59:42,5.95,S,3700
09:59:42,5.95,S,2000
09:59:42,5.95,S,3000
09:59:42,5.95,S,5000
09:59:42,5.95,S,251
09:59:42,5.95,S,400
09:59:43,5.96,B,500
09:59:43,5.96,B,500
09:59:45,5.95,S,1000
09:59:45,5.96,B,400
09:59:45,5.96,B,100
09:59:46,5.96,S,100
09:59:46,5.96,S,1000
09:59:47,5.96,S,2000
09:59:48,5.96,S,3600
09:59:48,5.96,S,100
09:59:48,5.95,S,300
09:59:49,5.95,S,900
09:59:49,5.95,S,700
09:59:49,5.95,S,800
09:59:49,5.95,S,500
09:59:49,5.95,S,2300
09:59:51,5.95,S,700
09:59:51,5.95,S,2000
09:59:51,5.95,S,300
09:59:51,5.95,S,1700
09:59:51,5.95,S,200
09:59:51,5.95,S,1000
09:59:51,5.95,S,400
09:59:51,5.95,S,1700
09:59:52,5.96,B,300
09:59:58,5.96,B,100
09:59:58,5.96,B,100
10:00:02,5.96,B,4500
10:00:02,5.96,B,1000
10:00:02,5.96,B,3000
10:00:02,5.96,B,1500
10:00:02,5.96,B,5800
10:00:03,5.96,S,500
10:00:04,5.97,B,1000
10:00:04,5.96,S,1000
10:00:05,5.96,S,500
10:00:06,5.96,S,500
10:00:06,5.96,S,10000
10:00:07,5.96,S,300
10:00:07,5.96,S,3000
10:00:07,5.96,S,100
10:00:08,5.97,B,1200
10:00:11,5.96,S,10800
10:00:15,5.96,S,17300
10:00:15,5.96,S,1000
10:00:15,5.96,S,1700
10:00:15,5.96,S,100
10:00:15,5.96,S,1000
10:00:15,5.96,S,1500
10:00:15,5.95,S,100
10:00:18,5.95,S,250
10:00:18,5.96,B,4500
10:00:19,5.95,S,400
10:00:21,5.96,B,1000
10:00:22,5.95,S,2000
10:00:24,5.96,B,800
10:00:25,5.95,S,200
10:00:27,5.96,B,100
10:00:27,5.96,B,1000
10:00:27,5.96,B,300
10:00:29,5.95,S,300
10:00:30,5.96,B,1000
10:00:30,5.95,S,2550
10:00:30,5.95,S,3000
10:00:30,5.95,S,500
10:00:30,5.95,S,1000
10:00:30,5.95,S,1000
10:00:30,5.95,S,200
10:00:30,5.95,S,1750
10:00:32,5.96,B,200
10:00:32,5.96,B,100
10:00:33,5.96,B,200
10:00:34,5.96,B,1100
10:00:34,5.96,B,3000
10:00:34,5.96,B,1000
10:00:34,5.96,B,5400
10:00:34,5.96,B,200
10:00:34,5.95,S,300
10:00:38,5.96,B,1800
10:00:38,5.96,B,100
10:00:38,5.95,S,3100
10:00:39,5.95,S,500
10:00:39,5.96,B,1700
10:00:39,5.96,B,1000
10:00:39,5.96,B,1000
10:00:39,5.96,B,200
10:00:39,5.96,B,1400
10:00:39,5.96,B,500
10:00:39,5.96,B,800
10:00:39,5.95,S,1000
10:00:41,5.96,B,1000
10:00:41,5.96,B,200
10:00:41,5.96,B,1800
10:00:42,5.96,B,200
10:00:42,5.96,B,4800
10:00:47,5.95,S,300
10:00:48,5.96,B,700
10:00:50,5.96,B,100
10:00:51,5.95,S,500
10:00:51,5.95,S,2550
10:00:51,5.95,S,2700
10:00:51,5.95,S,1000
10:00:51,5.95,S,500
10:00:51,5.95,S,100
10:00:51,5.95,S,1400
10:00:51,5.95,S,750
10:00:51,5.96,B,1100
10:00:52,5.95,S,2250
10:00:52,5.95,S,500
10:00:52,5.95,S,50
10:00:56,5.96,B,100
10:00:56,5.96,B,300
10:00:57,5.95,S,150
10:00:57,5.95,S,50
10:00:58,5.96,B,800
10:00:58,5.96,B,2500
10:00:58,5.95,S,300
10:00:59,5.96,B,1900
10:00:59,5.96,B,1000
10:00:59,5.96,B,500
10:00:59,5.96,B,8100
10:00:59,5.96,B,6300
10:00:59,5.96,B,1000
10:00:59,5.96,B,3000
10:00:59,5.96,B,600
10:00:59,5.96,B,3800
10:00:59,5.96,B,10000
10:00:59,5.96,B,3000
10:00:59,5.96,B,2000
10:00:59,5.96,B,1000
10:00:59,5.96,B,1000
10:00:59,5.96,B,10500
10:00:59,5.96,B,1000
10:00:59,5.96,S,200
10:01:00,5.96,S,100
10:01:00,5.96,S,6000
10:01:00,5.96,S,1500
10:01:01,5.96,S,400
10:01:02,5.96,S,100
10:01:02,5.96,S,200
10:01:03,5.96,S,5000
10:01:04,5.96,S,5000
10:01:04,5.96,S,1000
10:01:04,5.96,S,100
10:01:04,5.96,S,1500
10:01:04,5.96,S,1200
10:01:04,5.95,S,850
10:01:04,5.95,S,300
10:01:04,5.95,S,1000
10:01:04,5.95,S,200
10:01:04,5.95,S,100
10:01:04,5.95,S,100
10:01:04,5.95,S,2000
10:01:04,5.95,S,15450
10:01:04,5.95,S,2000
10:01:05,5.96,B,1600
10:01:07,5.95,S,2000
10:01:08,5.95,S,5000
10:01:08,5.95,S,1000
10:01:09,5.96,B,20000
10:01:10,5.96,B,200
10:01:11,5.95,S,1000
10:01:13,5.96,B,1000
10:01:16,5.95,S,3550
10:01:16,5.95,S,3000
10:01:16,5.95,S,1950
10:01:17,5.95,S,500
10:01:23,5.96,B,8400
10:01:23,5.96,B,5000
10:01:23,5.96,B,2000
10:01:23,5.96,B,600
10:01:23,5.96,B,3000
10:01:23,5.96,B,5000
10:01:23,5.96,B,14200
10:01:23,5.96,B,100
10:01:23,5.96,B,1000
10:01:23,5.96,B,1500
10:01:24,5.96,S,200
10:01:24,5.96,S,5200
10:01:25,5.96,S,1000
10:01:26,5.96,S,2800
10:01:26,5.95,S,950
10:01:26,5.95,S,100
10:01:26,5.95,S,200
10:01:26,5.95,S,400
10:01:26,5.95,S,450
10:01:29,5.95,S,1000
10:01:30,5.96,S,3500
10:01:34,5.96,S,1000
10:01:35,5.96,S,30800
10:01:35,5.96,S,500
10:01:37,5.96,S,1000
10:01:38,5.96,S,1300
10:01:40,5.97,B,100
10:01:41,5.97,B,500
10:01:41,5.96,S,2000
10:01:46,5.96,S,800
10:01:46,5.96,S,1200
10:01:48,5.97,B,2137
10:01:48,5.97,B,400
10:01:48,5.97,B,3000
10:01:48,5.97,B,10100
10:01:48,5.97,B,10000
10:01:48,5.97,B,800
10:01:48,5.97,B,2000
10:01:48,5.97,B,500
10:01:48,5.97,B,2000
10:01:48,5.97,B,3000
10:01:48,5.97,B,2000
10:01:48,5.97,B,400
10:01:48,5.97,B,3663
10:01:49,5.96,S,300
10:01:49,5.96,S,500
10:01:49,5.96,S,200
10:01:49,5.96,S,100
10:01:49,5.96,S,100
10:01:49,5.96,S,100
10:01:49,5.96,S,100
10:01:49,5.96,S,400
10:01:49,5.95,S,100
10:01:50,5.95,S,100
10:01:51,5.96,B,800
10:01:51,5.96,B,500
10:01:52,5.95,S,350
10:01:52,5.95,S,650
10:01:54,5.96,B,6500
10:01:55,5.96,B,100
10:01:57,5.96,B,200
10:01:57,5.95,S,850
10:01:57,5.95,S,150
10:01:58,5.96,B,6100
10:01:58,5.96,B,400
10:01:58,5.96,B,1000
10:01:58,5.96,B,500
10:01:58,5.96,B,1500
10:01:58,5.96,B,5000
10:01:59,5.96,B,5500
10:01:59,5.96,B,1000
10:01:59,5.96,B,9000
10:02:00,5.96,S,600
10:02:01,5.97,B,100
10:02:02,5.96,S,109700
10:02:02,5.96,S,1300
10:02:02,5.95,S,850
10:02:02,5.95,S,1000
10:02:02,5.95,S,200
10:02:02,5.95,S,1700
10:02:02,5.95,S,200
10:02:02,5.95,S,2000
10:02:02,5.95,S,3000
10:02:02,5.95,S,100
10:02:02,5.95,S,11600
10:02:02,5.95,S,8000
10:02:02,5.95,S,900
10:02:02,5.95,S,1000
10:02:02,5.95,S,1000
10:02:02,5.95,S,1000
10:02:02,5.95,S,1000
10:02:02,5.95,S,100
10:02:02,5.95,S,700
10:02:02,5.95,S,1000
10:02:02,5.95,S,1000
10:02:02,5.95,S,2000
10:02:02,5.95,S,4600
10:02:02,5.95,S,100
10:02:02,5.95,S,900
10:02:02,5.95,S,1100
10:02:02,5.95,S,200
10:02:02,5.95,S,2000
10:02:02,5.95,S,400
10:02:02,5.95,S,2500
10:02:02,5.95,S,2000
10:02:02,5.95,S,2000
10:02:02,5.95,S,500
10:02:02,5.95,S,12700
10:02:02,5.95,S,500
10:02:02,5.95,S,321150
10:02:04,5.96,S,500
10:02:04,5.96,B,100
10:02:05,5.96,B,100
10:02:06,5.96,B,400
10:02:09,5.96,B,500
10:02:10,5.96,B,2600
10:02:10,5.96,B,800
10:02:10,5.96,B,200
10:02:12,5.96,B,500
10:02:15,5.95,S,2000
10:02:17,5.96,B,200
10:02:20,5.96,B,100
10:02:20,5.96,B,800
10:02:20,5.96,B,4200
10:02:20,5.96,B,23400
10:02:20,5.96,B,200
10:02:20,5.96,B,6000
10:02:20,5.96,B,2000
10:02:20,5.96,B,61500
10:02:20,5.97,B,35037
10:02:20,5.97,B,1000
10:02:20,5.97,B,241100
10:02:20,5.97,B,10000
10:02:20,5.97,B,5000
10:02:20,5.97,B,2000
10:02:20,5.97,B,500
10:02:20,5.97,B,3000
10:02:20,5.97,B,1200
10:02:20,5.97,B,500
10:02:20,5.97,B,1000
10:02:20,5.97,B,2200
10:02:20,5.97,B,2500
10:02:20,5.97,B,3000
10:02:20,5.97,B,4500
10:02:20,5.97,B,1000
10:02:20,5.97,B,200
10:02:20,5.97,B,14500
10:02:20,5.97,B,100
10:02:20,5.97,B,5000
10:02:20,5.97,B,2000
10:02:20,5.97,B,5200
10:02:20,5.97,B,1000
10:02:20,5.97,B,200
10:02:20,5.97,B,9000
10:02:20,5.97,B,2000
10:02:20,5.97,B,300
10:02:20,5.97,B,1000
10:02:20,5.97,B,2000
10:02:20,5.97,B,2000
10:02:20,5.97,B,200
10:02:20,5.97,B,20000
10:02:20,5.97,B,5000
10:02:21,5.97,S,100
10:02:21,5.97,S,4000
10:02:23,5.97,S,900
10:02:24,5.97,S,324763
10:02:26,5.96,B,500
10:02:27,5.95,S,1000
10:02:28,5.96,B,500
10:02:30,5.96,B,174237
10:02:30,5.96,B,5000
10:02:30,5.96,B,4000
10:02:30,5.96,B,1000
10:02:30,5.96,B,400
10:02:30,5.97,B,6000
10:02:30,5.97,B,2000
10:02:30,5.98,B,5000
10:02:30,5.98,B,2000
10:02:30,5.98,B,363
10:02:31,5.96,B,300
10:02:31,5.96,B,700
10:02:34,5.97,S,2000
10:02:34,5.96,S,4300
10:02:34,5.96,S,2000
10:02:34,5.96,S,3700
10:02:36,5.96,S,100
10:02:38,5.96,S,1600
10:02:40,5.96,S,2000
10:02:40,5.96,S,300
10:02:41,5.96,S,1500
10:02:41,5.97,B,1100
10:02:42,5.97,B,1600
10:02:45,5.97,B,300
10:02:45,5.97,B,10000
10:02:45,5.97,B,100
10:02:45,5.97,B,10000
10:02:45,5.97,B,200
10:02:45,5.98,B,237
10:02:45,5.98,B,600
10:02:45,5.98,B,2800
10:02:45,5.98,B,1000
10:02:45,5.98,B,600
10:02:45,5.98,B,900
10:02:45,5.98,B,2000
10:02:45,5.98,B,32663
10:02:47,5.98,B,67337
10:02:47,5.98,B,2000
10:02:47,5.98,B,2000
10:02:47,5.98,B,200
10:02:47,5.98,B,600
10:02:47,5.98,B,2000
10:02:47,5.98,B,300
10:02:47,5.98,B,5000
10:02:47,5.98,B,2000
10:02:47,5.98,B,500
10:02:47,5.98,B,2000
10:02:47,5.98,B,200
10:02:47,5.98,B,1500
10:02:47,5.98,B,2000
10:02:47,5.98,B,600
10:02:47,5.98,B,200
10:02:47,5.98,B,1000
10:02:47,5.98,B,1000
10:02:47,5.98,B,500
10:02:47,5.98,B,2800
10:02:47,5.98,B,1000
10:02:47,5.98,B,3000
10:02:47,5.98,B,500
10:02:47,5.98,B,10000
10:02:47,5.98,B,6500
10:02:47,5.98,B,800
10:02:47,5.98,B,30000
10:02:47,5.98,B,3000
10:02:47,5.98,B,2900
10:02:47,5.98,B,300
10:02:47,5.98,B,6600
10:02:47,5.98,B,2000
10:02:47,5.98,B,1000
10:02:47,5.98,B,1000
10:02:47,5.98,B,2300
10:02:47,5.98,B,2000
10:02:47,5.98,B,1700
10:02:47,5.98,B,100
10:02:47,5.98,B,100
10:02:47,5.98,B,1000
10:02:47,5.98,B,300
10:02:47,5.98,B,100
10:02:47,5.98,B,300
10:02:47,5.98,B,1000
10:02:47,5.98,B,5000
10:02:47,5.98,B,2000
10:02:47,5.98,B,2500
10:02:47,5.98,B,800
10:02:47,5.98,B,1000
10:02:47,5.98,B,4000
10:02:47,5.98,B,500
10:02:47,5.98,B,5000
10:02:47,5.98,B,400
10:02:47,5.98,B,2000
10:02:47,5.98,B,3400
10:02:47,5.98,B,500
10:02:47,5.98,B,1663
10:02:49,5.98,B,337
10:02:49,5.98,B,100
10:02:49,5.98,B,3263
10:02:50,5.98,B,2500
10:02:50,5.97,S,3700
10:02:50,5.98,B,4237
10:02:50,5.98,B,10000
10:02:50,5.98,B,1000
10:02:50,5.98,B,2000
10:02:50,5.98,B,3000
10:02:50,5.98,B,1600
10:02:50,5.98,B,1000
10:02:50,5.98,B,300
10:02:50,5.98,B,400
10:02:50,5.98,B,1000
10:02:50,5.98,B,5300
10:02:50,5.98,B,2000
10:02:50,5.98,B,1500
10:02:50,5.98,B,1000
10:02:50,5.98,B,1700
10:02:50,5.98,B,3000
10:02:50,5.98,B,100
10:02:50,5.98,B,6700
10:02:50,5.98,B,1500
10:02:50,5.98,B,100
10:02:50,5.99,B,5000
10:02:50,5.99,B,163
10:02:51,5.99,B,337
10:02:51,5.99,B,500
10:02:51,5.99,B,11200
10:02:51,5.99,B,11000
10:02:51,5.99,B,20600
10:02:51,5.99,B,5000
10:02:51,5.99,B,50000
10:02:51,5.99,B,5000
10:02:51,5.99,B,500
10:02:51,5.99,B,2000
10:02:51,5.99,B,10000
10:02:51,5.99,B,200
10:02:51,5.99,B,300
10:02:51,5.99,B,9400
10:02:51,5.99,B,300
10:02:51,5.99,B,2000
10:02:51,5.99,B,500
10:02:51,5.99,B,2000
10:02:51,5.99,B,2000
10:02:51,5.99,B,800
10:02:51,5.99,B,2000
10:02:51,5.99,B,1000
10:02:51,5.99,B,700
10:02:51,5.99,B,1000
10:02:51,5.99,B,1000
10:02:51,5.99,B,1500
10:02:51,5.99,B,600
10:02:51,5.99,B,1000
10:02:51,5.99,B,2000
10:02:51,5.99,B,10000
10:02:51,5.99,B,10000
10:02:51,5.99,B,100
10:02:51,5.99,B,700
10:02:51,5.99,B,5000
10:02:51,5.99,B,1000
10:02:51,5.99,B,1000
10:02:51,5.99,B,2700
10:02:51,5.99,B,5000
10:02:51,5.99,B,500
10:02:51,5.99,B,1000
10:02:51,5.99,B,1400
10:02:51,5.99,B,3000
10:02:51,5.99,B,14163
10:02:51,5.99,B,12837
10:02:51,5.99,B,3600
10:02:51,5.99,B,1000
10:02:51,5.99,B,2000
10:02:51,5.99,B,1000
10:02:51,5.99,B,700
10:02:51,5.99,B,500
10:02:51,5.99,B,21500
10:02:51,5.99,B,1000
10:02:51,5.99,B,3100
10:02:51,5.99,B,700
10:02:51,5.99,B,3300
10:02:51,5.99,B,300
10:02:51,5.99,B,100
10:02:51,5.99,B,1000
10:02:51,5.99,B,1000
10:02:51,5.99,B,1000
10:02:51,5.99,B,5000
10:02:51,5.99,B,1200
10:02:51,5.99,B,4000
10:02:51,5.99,B,1400
10:02:51,5.99,B,2000
10:02:51,5.99,B,400
10:02:51,5.99,B,2000
10:02:51,5.99,B,300
10:02:51,5.99,B,5000
10:02:51,5.99,B,1000
10:02:51,5.99,B,600
10:02:51,5.99,B,5000
10:02:51,5.99,B,10000
10:02:51,5.99,B,66300
10:02:51,5.99,B,1000
10:02:51,5.99,B,4000
10:02:51,5.99,B,10000
10:02:51,5.99,B,1000
10:02:51,6.0,B,1000
10:02:51,6.0,B,2600
10:02:51,6.0,B,100
10:02:51,6.0,B,500
10:02:51,6.0,B,20000
10:02:51,6.0,B,100
10:02:51,6.0,B,500
10:02:51,6.0,B,363
10:02:51,5.98,S,3000
10:02:52,5.98,S,2200
10:02:52,5.98,S,10700
10:02:54,6.0,B,237
10:02:54,6.0,B,1000
10:02:54,6.0,B,300
10:02:54,6.0,B,500
10:02:54,6.0,B,200
10:02:54,6.0,B,500
10:02:54,6.0,B,200
10:02:54,6.0,B,1000
10:02:54,6.0,B,6000
10:02:54,6.0,B,90063
10:02:54,5.98,S,500
10:02:54,6.0,B,74737
10:02:54,6.0,B,3000
10:02:54,6.0,B,200
10:02:54,6.0,B,4600
10:02:54,6.0,B,4000
10:02:54,6.0,B,1000
10:02:54,6.0,B,10000
10:02:54,6.0,B,100
10:02:54,6.0,B,2000
10:02:54,6.0,B,363
10:02:54,6.0,B,1137
10:02:54,6.0,B,500
10:02:54,6.0,B,200
10:02:54,6.0,B,1000
10:02:54,6.0,B,8200
10:02:54,6.0,B,4000
10:02:54,6.0,B,2000
10:02:54,6.0,B,1000
10:02:54,6.0,B,100
10:02:54,6.0,B,800
10:02:54,6.0,B,1000
10:02:54,6.0,B,1000
10:02:54,6.0,B,100
10:02:54,6.0,B,1000
10:02:54,6.0,B,1400
10:02:54,6.0,B,700
10:02:54,6.0,B,100
10:02:54,6.0,B,5000
10:02:54,6.0,B,2000
10:02:54,6.0,B,1000
10:02:54,6.0,B,400
10:02:54,6.0,B,2000
10:02:54,6.0,B,100
10:02:54,6.0,B,1000
10:02:54,6.0,B,500
10:02:54,6.0,B,100
10:02:54,6.0,B,400
10:02:54,6.0,B,400
10:02:54,6.0,B,3000
10:02:54,6.0,B,1000
10:02:54,6.0,B,1000
10:02:54,6.0,B,1200
10:02:54,6.0,B,200
10:02:54,6.0,B,2000
10:02:54,6.0,B,700
10:02:54,6.0,B,3000
10:02:54,6.0,B,1000
10:02:54,6.0,B,10400
10:02:54,6.0,B,2200
10:02:54,6.0,B,1100
10:02:54,6.0,B,500
10:02:54,6.0,B,600
10:02:54,6.0,B,200
10:02:54,6.0,B,400
10:02:54,6.0,B,100
10:02:54,6.0,B,3000
10:02:54,6.0,B,200
10:02:54,6.0,B,300
10:02:54,6.0,B,3000
10:02:54,6.0,B,4000
10:02:54,6.0,B,2000
10:02:54,6.0,B,1900
10:02:54,6.0,B,400
10:02:54,6.0,B,1000
10:02:54,6.0,B,500
10:02:54,6.0,B,100
10:02:54,6.0,B,10000
10:02:54,6.0,B,5000
10:02:54,6.0,B,100
10:02:54,6.0,B,1200
10:02:54,6.0,B,900
10:02:54,6.0,B,100
10:02:54,6.0,B,500
10:02:54,6.0,B,5000
10:02:54,6.0,B,5000
10:02:54,6.0,B,100
10:02:54,6.0,B,500
10:02:54,6.0,B,200
10:02:54,6.0,B,900
10:02:54,6.0,B,500
10:02:54,6.0,B,1000
10:02:54,6.0,B,40800
10:02:54,6.0,B,2500
10:02:54,6.0,B,1000
10:02:54,6.0,B,20000
10:02:54,6.0,B,100
10:02:54,6.0,B,200
10:02:54,6.0,B,3000
10:02:54,6.0,B,12100
10:02:54,6.0,B,800
10:02:54,6.0,B,3600
10:02:54,6.0,B,400
10:02:54,6.0,B,1000
10:02:54,6.0,B,100
10:02:54,6.0,B,50000
10:02:54,6.0,B,200
10:02:54,6.0,B,5000
10:02:54,6.0,B,400
10:02:54,6.0,B,100
10:02:54,6.0,B,300
10:02:54,6.0,B,900
10:02:54,6.0,B,600
10:02:54,6.0,B,600
10:02:54,6.0,B,4000
10:02:54,6.0,B,600
10:02:54,6.0,B,6000
10:02:54,6.0,B,100
10:02:54,6.0,B,100
10:02:54,6.0,B,1600
10:02:54,6.0,B,300
10:02:54,6.0,B,1000
10:02:54,6.0,B,2000
10:02:54,6.0,B,3000
10:02:54,6.0,B,4000
10:02:54,6.0,B,1400
10:02:54,6.0,B,1000
10:02:54,6.0,B,200
10:02:54,6.0,B,3600
10:02:54,6.0,B,5000
10:02:54,6.0,B,9000
10:02:54,6.0,B,100
10:02:54,6.0,B,400
10:02:54,6.0,B,800
10:02:54,6.0,B,100
10:02:54,6.0,B,100
10:02:54,6.0,B,1100
10:02:54,6.0,B,1000
10:02:54,6.0,B,200
10:02:54,6.0,B,200
10:02:54,6.0,B,500
10:02:54,6.0,B,2000
10:02:54,6.0,B,1700
10:02:54,6.0,B,1400
10:02:54,6.0,B,1000
10:02:54,6.0,B,500
10:02:54,6.0,B,100
10:02:54,6.0,B,2000
10:02:54,6.0,B,300
10:02:54,6.0,B,100
10:02:54,6.0,B,5000
10:02:54,6.0,B,10000
10:02:54,6.0,B,200
10:02:54,6.0,B,2000
10:02:54,6.0,B,2800
10:02:54,6.0,B,100
10:02:54,6.0,B,5000
10:02:54,6.0,B,800
10:02:54,6.0,B,200
10:02:54,6.0,B,400
10:02:54,6.0,B,100
10:02:54,6.0,B,200
10:02:54,6.0,B,2000
10:02:54,6.0,B,5000
10:02:54,6.0,B,500
10:02:54,6.0,B,14300
10:02:54,6.0,B,200
10:02:54,6.0,B,20000
10:02:54,6.0,B,100
10:02:54,6.0,B,1000
10:02:54,6.0,B,100
10:02:54,6.0,B,800
10:02:54,6.0,B,1900
10:02:54,6.0,B,500
10:02:54,6.0,B,200
10:02:54,6.0,B,600
10:02:54,6.0,B,20000
10:02:54,6.0,B,1000
10:02:54,6.0,B,59800
10:02:54,6.0,B,100
10:02:54,6.0,B,2000
10:02:54,6.0,B,500
10:02:54,6.0,B,3000
10:02:54,6.0,B,200
10:02:54,6.0,B,2400
10:02:54,6.0,B,1500
10:02:54,6.0,B,1500
10:02:54,6.0,B,1000
10:02:54,6.0,B,500
10:02:54,6.0,B,100
10:02:54,6.0,B,1000
10:02:54,6.0,B,2000
10:02:54,6.0,B,1000
10:02:54,6.0,B,100
10:02:54,6.0,B,700
10:02:54,6.0,B,10000
10:02:54,6.0,B,500
10:02:54,6.0,B,1500
10:02:54,6.0,B,200
10:02:54,6.0,B,100
10:02:54,6.0,B,900
10:02:54,6.0,B,1000
10:02:54,6.0,B,63
10:02:54,5.98,S,50000
10:02:54,6.0,B,1037
10:02:54,6.0,B,6600
10:02:54,6.0,B,500
10:02:54,6.0,B,1200
10:02:54,6.0,B,2000
10:02:54,6.0,B,1000
10:02:54,6.0,B,1000
10:02:54,6.0,B,1000
10:02:54,6.0,B,800
10:02:54,6.0,B,500
10:02:54,6.0,B,1000
10:02:54,6.0,B,4000
10:02:54,6.0,B,200
10:02:54,6.0,B,100
10:02:54,6.0,B,100
10:02:54,6.0,B,400
10:02:54,6.0,B,500
10:02:54,6.0,B,200
10:02:54,6.0,B,1000
10:02:54,6.0,B,1200
10:02:54,6.0,B,1000
10:02:54,6.0,B,2900
10:02:55,6.01,B,1000
10:02:55,6.01,B,1600
10:02:55,6.01,B,200
10:02:55,6.01,B,5000
10:02:55,6.01,B,4000
10:02:55,6.01,B,4000
10:02:55,6.01,B,200
10:02:55,6.01,B,1700
10:02:55,6.01,B,1400
10:02:55,6.01,B,1000
10:02:55,6.01,B,10000
10:02:55,6.01,B,1500
10:02:55,6.01,B,3000
10:02:55,6.01,B,5000
10:02:55,6.01,B,7800
10:02:55,6.01,B,3500
10:02:55,6.01,B,2400
10:02:55,6.01,B,1000
10:02:55,6.01,B,500
10:02:55,6.01,B,100
10:02:55,6.01,B,200
10:02:55,6.01,B,400
10:02:55,6.01,B,500
10:02:55,6.01,B,10000
10:02:55,6.01,B,400
10:02:55,6.01,B,2000
10:02:55,6.01,B,1000
10:02:55,6.01,B,1000
10:02:55,6.01,B,5000
10:02:55,6.01,B,3000
10:02:55,6.01,B,2000
10:02:55,6.01,B,10000
10:02:55,6.01,B,400
10:02:55,6.01,B,400
10:02:55,6.01,B,1500
10:02:55,6.01,B,600
10:02:55,6.01,B,2000
10:02:55,6.02,B,500
10:02:55,6.02,B,300
10:02:55,6.02,B,5000
10:02:55,6.02,B,2000
10:02:55,6.02,B,7000
10:02:55,6.02,B,20000
10:02:55,6.02,B,14200
10:02:55,6.02,B,1100
10:02:55,6.02,B,100
10:02:55,6.02,B,2700
10:02:55,6.02,B,500
10:02:55,6.02,B,500
10:02:55,6.02,B,1500
10:02:55,6.02,B,200
10:02:55,6.02,B,1000
10:02:55,6.02,B,20000
10:02:55,6.02,B,900
10:02:55,6.02,B,3100
10:02:55,6.02,B,2600
10:02:55,6.02,B,600
10:02:55,6.02,B,5000
10:02:55,6.02,B,1000
10:02:55,6.02,B,1000
10:02:55,6.02,B,500
10:02:55,6.02,B,400
10:02:55,6.02,B,10000
10:02:55,6.02,B,3000
10:02:58,6.0,S,1300
10:02:58,6.0,S,5000
10:02:58,6.02,B,16300
10:02:58,6.02,B,800
10:02:58,6.02,B,1000
10:02:58,6.02,B,1900
10:03:01,6.0,S,200
10:03:01,6.02,B,3100
10:03:01,6.02,B,500
10:03:01,6.02,B,3000
10:03:01,6.02,B,800
10:03:01,6.02,B,5000
10:03:01,6.02,B,10000
10:03:01,6.02,B,3000
10:03:01,6.02,B,1000
10:03:01,6.02,B,1500
10:03:01,6.02,B,200
10:03:01,6.02,B,700
10:03:01,6.02,B,16000
10:03:01,6.02,B,4000
10:03:01,6.02,B,1200
10:03:03,6.02,B,8800
10:03:03,6.02,B,1000
10:03:03,6.02,B,200
10:03:03,6.02,B,1000
10:03:03,6.02,B,400
10:03:03,6.02,B,100
10:03:03,6.02,B,2300
10:03:03,6.02,B,500
10:03:03,6.02,B,300
10:03:03,6.02,B,500
10:03:03,6.02,B,5000
10:03:03,6.02,B,1000
10:03:03,6.02,B,5000
10:03:03,6.02,B,8850
10:03:03,6.02,B,10100
10:03:03,6.02,B,1000
10:03:05,6.03,B,5300
10:03:05,6.03,B,10000
10:03:05,6.03,B,34700
10:03:05,6.03,B,34100
10:03:05,6.03,B,1000
10:03:05,6.03,B,2900
10:03:05,6.03,B,3000
10:03:05,6.03,B,3000
10:03:05,6.03,B,1000
10:03:05,6.03,B,2000
10:03:05,6.03,B,1000
10:03:05,6.03,B,2000
10:03:05,6.03,B,3000
10:03:05,6.03,B,5000
10:03:05,6.03,B,5000
10:03:05,6.03,B,4000
10:03:05,6.03,B,2700
10:03:05,6.03,B,2000
10:03:05,6.03,B,4000
10:03:05,6.03,B,10000
10:03:05,6.03,B,1000
10:03:05,6.03,B,2000
10:03:05,6.03,B,2000
10:03:05,6.03,B,200
10:03:05,6.03,B,800
10:03:05,6.03,B,1600
10:03:05,6.03,B,1000
10:03:05,6.03,B,2800
10:03:05,6.03,B,1000
10:03:05,6.03,B,1500
10:03:05,6.03,B,400
10:03:06,6.02,S,500
10:03:07,6.03,B,300
10:03:07,6.03,B,400
10:03:08,6.03,B,4600
10:03:08,6.03,B,3000
10:03:08,6.03,B,2000
10:03:08,6.03,B,2000
10:03:08,6.03,B,1000
10:03:08,6.03,B,4000
10:03:08,6.03,B,200
10:03:08,6.03,B,1000
10:03:08,6.03,B,100
10:03:08,6.03,B,30000
10:03:08,6.03,B,5000
10:03:08,6.03,B,2500
10:03:08,6.03,B,2000
10:03:08,6.03,B,400
10:03:08,6.03,B,600
10:03:08,6.03,B,1000
10:03:08,6.03,B,3000
10:03:08,6.03,B,300
10:03:08,6.03,B,3400
10:03:08,6.03,B,300
10:03:08,6.03,B,5400
10:03:08,6.02,S,2400
10:03:08,6.02,S,900
10:03:09,6.03,B,14600
10:03:09,6.03,B,4000
10:03:09,6.03,B,300
10:03:09,6.03,B,1000
10:03:09,6.03,B,500
10:03:09,6.03,B,1000
10:03:09,6.03,B,600
10:03:09,6.03,B,2000
10:03:09,6.03,B,6000
10:03:09,6.03,B,1000
10:03:09,6.03,B,9800
10:03:09,6.02,S,1000
10:03:10,6.03,B,3200
10:03:10,6.03,B,200
10:03:10,6.03,B,1000
10:03:10,6.03,B,600
10:03:10,6.03,B,3400
10:03:10,6.03,B,28200
10:03:10,6.03,B,10000
10:03:10,6.03,S,2900
10:03:10,6.03,S,2000
10:03:11,6.03,S,1500
10:03:12,6.03,S,1000
10:03:12,6.03,S,200
10:03:12,6.04,B,900
10:03:12,6.04,B,100
10:03:12,6.04,B,10000
10:03:12,6.04,B,300
10:03:12,6.04,B,8000
10:03:12,6.04,B,500
10:03:12,6.04,B,4000
10:03:12,6.04,B,2000
10:03:12,6.04,B,10000
10:03:12,6.04,B,2000
10:03:12,6.04,B,500
10:03:12,6.04,B,300
10:03:12,6.04,B,300
10:03:12,6.04,B,100
10:03:12,6.04,B,300
10:03:12,6.04,B,1200
10:03:12,6.04,B,1700
10:03:12,6.04,B,3000
10:03:12,6.04,B,2200
10:03:12,6.04,B,1000
10:03:12,6.04,B,200
10:03:13,6.04,S,100
10:03:13,6.04,S,500
10:03:14,6.04,S,500
10:03:14,6.04,S,300
10:03:14,6.03,S,2200
10:03:14,6.03,S,100
10:03:16,6.03,S,500
10:03:18,6.05,B,500
10:03:18,6.05,B,2000
10:03:18,6.05,B,1000
10:03:19,6.03,S,200
10:03:20,6.03,S,7000
10:03:20,6.04,B,1200
10:03:20,6.05,B,500
10:03:20,6.05,B,300
10:03:20,6.03,S,700
10:03:21,6.03,S,192100
10:03:21,6.03,S,5000
10:03:21,6.03,S,2900
10:03:21,6.03,S,100
10:03:22,6.03,S,3000
10:03:22,6.03,S,1000
10:03:22,6.04,B,2000
10:03:24,6.04,B,2800
10:03:24,6.04,B,1700
10:03:25,6.04,B,3800
10:03:25,6.04,B,3000
10:03:25,6.04,B,2000
10:03:25,6.04,B,1000
10:03:27,6.04,B,8900
10:03:28,6.03,S,1000
10:03:28,6.04,B,3100
10:03:29,6.04,B,5000
10:03:29,6.03,S,2000
10:03:29,6.03,S,1800
10:03:29,6.04,B,2000
10:03:29,6.04,B,200
10:03:29,6.04,B,2000
10:03:30,6.04,B,200
10:03:30,6.04,B,1000
10:03:30,6.04,B,2000
10:03:32,6.04,B,5000
10:03:32,6.04,B,500
10:03:32,6.03,S,1200
10:03:32,6.03,S,1700
10:03:33,6.04,B,300
10:03:33,6.04,B,200
10:03:33,6.04,B,200
10:03:33,6.04,B,1800
10:03:33,6.04,B,1200
10:03:33,6.04,B,1000
10:03:33,6.04,B,20000
10:03:34,6.03,S,300
10:03:34,6.03,S,300
10:03:34,6.03,S,2000
10:03:34,6.03,B,400
10:03:35,6.03,B,2000
10:03:35,6.03,B,400
10:03:35,6.03,B,4600
10:03:35,6.03,B,1500
10:03:35,6.03,B,1000
10:03:36,6.03,B,200
10:03:36,6.03,B,4500
10:03:36,6.03,B,2200
10:03:37,6.03,B,22200
10:03:37,6.03,B,400
10:03:37,6.03,B,600
10:03:37,6.02,S,400
10:03:38,6.02,S,3700
10:03:38,6.02,S,1000
10:03:38,6.03,B,100
10:03:38,6.03,B,1000
10:03:39,6.03,B,200
10:03:40,6.03,B,2000
10:03:40,6.03,B,2000
10:03:40,6.03,B,300
10:03:40,6.03,B,1300
10:03:41,6.03,B,1000
10:03:41,6.03,B,1700
10:03:41,6.03,B,2400
10:03:42,6.03,B,4900
10:03:42,6.03,B,5000
10:03:42,6.03,B,1000
10:03:42,6.03,B,1000
10:03:43,6.03,B,20000
10:03:43,6.03,B,600
10:03:43,6.03,B,3600
10:03:44,6.03,B,10000
10:03:44,6.03,B,300
10:03:45,6.03,B,600
10:03:46,6.03,B,2000
10:03:46,6.02,S,2000
10:03:46,6.03,B,900
10:03:47,6.03,B,2000
10:03:47,6.02,S,3000
10:03:47,6.03,B,1000
10:03:47,6.03,B,1100
10:03:48,6.03,B,1000
10:03:48,6.03,B,200
10:03:48,6.03,B,200
10:03:48,6.03,B,150000
10:03:48,6.03,B,1000
10:03:48,6.03,B,20000
10:03:48,6.03,B,800
10:03:48,6.03,B,100
10:03:48,6.03,B,200
10:03:48,6.03,B,2000
10:03:48,6.03,B,2000
10:03:48,6.03,B,66000
10:03:48,6.03,B,1000
10:03:48,6.03,B,500
10:03:48,6.03,B,1000
10:03:48,6.03,B,200
10:03:48,6.03,B,600
10:03:48,6.03,B,2200
10:03:48,6.03,B,2000
10:03:48,6.04,B,600
10:03:48,6.04,B,1800
10:03:48,6.04,B,2000
10:03:48,6.04,B,100
10:03:48,6.04,B,1500
10:03:48,6.04,B,2000
10:03:48,6.04,B,2000
10:03:48,6.04,B,400
10:03:48,6.04,B,300
10:03:49,6.03,S,5000
10:03:49,6.04,B,100
10:03:50,6.03,S,100
10:03:50,6.04,B,2000
10:03:50,6.03,S,3000
10:03:50,6.03,S,5000
