Time,Price,BuySell,Volume
09:25:02,10.4,B,66
09:25:02,10.4,S,73
09:25:02,10.4,S,122
09:25:02,10.4,S,900
09:25:02,10.4,B,1039
09:25:02,10.4,B,1000
09:25:02,10.4,S,2261
09:25:02,10.4,S,39
09:25:02,10.4,S,400
09:25:02,10.4,S,200
09:25:02,10.4,S,1061
09:25:02,10.4,S,2000
09:25:02,10.4,S,2000
09:25:02,10.4,S,500
09:25:02,10.4,S,1000
09:25:02,10.4,S,1000
09:25:02,10.4,B,300
09:25:02,10.4,S,900
09:25:02,10.4,S,2000
09:25:02,10.4,S,2000
09:25:02,10.4,S,1039
09:25:02,10.4,S,500
09:25:02,10.4,S,100
09:25:02,10.4,S,200
09:25:02,10.4,B,161
09:25:02,10.4,B,200
09:25:02,10.4,B,5000
09:25:02,10.4,B,500
09:25:02,10.4,B,800
09:25:02,10.4,B,100
09:25:02,10.4,B,300
09:25:02,10.4,B,10000
09:25:02,10.4,B,4139
09:25:02,10.4,B,15661
09:25:02,10.4,B,4100
09:25:02,10.4,B,100
09:25:02,10.4,B,1339
09:25:02,10.4,S,300
09:25:02,10.4,S,100
09:25:02,10.4,S,100
09:25:02,10.4,S,200
09:25:02,10.4,S,100
09:25:02,10.4,S,600
09:25:02,10.4,S,100
09:25:02,10.4,S,1000
09:25:02,10.4,S,200
09:25:02,10.4,S,100
09:25:02,10.4,S,200
09:25:02,10.4,S,100
09:25:02,10.4,S,300
09:25:02,10.4,S,10000
09:25:02,10.4,S,800
09:25:02,10.4,S,1000
09:25:02,10.4,S,900
09:25:02,10.4,S,100
09:25:02,10.4,S,2000
09:25:02,10.4,S,200
09:25:02,10.4,S,2500
09:25:02,10.4,S,100
09:25:02,10.4,S,100
09:25:02,10.4,S,500
09:25:02,10.4,S,500
09:25:02,10.4,S,10000
09:25:02,10.4,S,1100
09:25:02,10.4,S,200
09:25:02,10.4,S,200
09:25:02,10.4,S,200
09:25:02,10.4,S,100
09:25:02,10.4,S,400
09:25:02,10.4,S,2000
09:25:02,10.4,S,7900
09:25:02,10.4,S,200
09:25:02,10.4,S,500
09:25:02,10.4,S,400
09:25:02,10.4,S,4700
09:25:02,10.4,S,500
09:25:02,10.4,S,5000
09:25:02,10.4,S,500
09:25:02,10.4,S,100
09:25:02,10.4,S,900
09:25:02,10.4,S,500
09:25:02,10.4,S,600
09:25:02,10.4,S,800
09:25:02,10.4,S,200
09:25:02,10.4,S,500
09:25:02,10.4,S,1300
09:25:02,10.4,S,3000
09:25:02,10.4,S,3000
09:25:02,10.4,S,100
09:25:02,10.4,S,2000
09:25:02,10.4,S,900
09:25:02,10.4,S,100
09:25:02,10.4,B,2000
09:25:02,10.4,B,500
09:25:02,10.4,S,300
09:25:02,10.4,S,100
09:25:02,10.4,S,1000
09:25:02,10.4,S,700
09:25:02,10.4,S,61
09:25:02,10.4,B,100
09:25:02,10.4,S,2000
09:25:02,10.4,S,34000
09:25:02,10.4,B,800
09:25:02,10.4,B,2900
09:25:02,10.4,B,300
09:25:02,10.4,B,2000
09:25:02,10.4,S,3000
09:25:02,10.4,S,1000
09:25:02,10.4,S,100
09:25:02,10.4,S,1600
09:25:02,10.4,S,100
09:25:02,10.4,S,1000
09:25:02,10.4,S,21039
09:25:02,10.4,S,500
09:25:02,10.4,B,100
09:25:02,10.4,B,2200
09:30:00,10.39,S,3000
09:30:01,10.39,S,5600
09:30:01,10.39,S,1600
09:30:01,10.38,S,700
09:30:01,10.38,S,100
09:30:01,10.38,B,400
09:30:02,10.38,B,1000
09:30:02,10.38,B,3100
09:30:02,10.37,S,200
09:30:02,10.37,S,100
09:30:02,10.37,S,2400
09:30:02,10.36,S,100
09:30:02,10.36,S,3000
09:30:02,10.36,S,100
09:30:02,10.36,S,200
09:30:02,10.36,S,500
09:30:02,10.35,S,900
09:30:02,10.35,S,900
09:30:02,10.35,S,1000
09:30:02,10.35,S,400
09:30:02,10.35,S,300
09:30:02,10.35,S,100
09:30:02,10.35,S,300
09:30:02,10.35,S,2000
09:30:02,10.35,S,1600
09:30:02,10.35,B,4200
09:30:02,10.35,B,500
09:30:02,10.35,B,4500
09:30:02,10.35,B,300
09:30:02,10.35,B,900
09:30:03,10.35,B,15300
09:30:03,10.35,B,400
09:30:03,10.35,B,300
09:30:03,10.35,B,400
09:30:03,10.35,B,200
09:30:03,10.35,B,300
09:30:03,10.35,B,3900
09:30:03,10.35,B,1000
09:30:03,10.35,B,3700
09:30:04,10.38,B,5000
09:30:04,10.38,B,200
09:30:04,10.38,B,1300
09:30:04,10.38,B,600
09:30:04,10.38,B,100
09:30:04,10.38,B,400
09:30:04,10.38,B,200
09:30:04,10.38,B,500
09:30:05,10.38,B,2300
09:30:05,10.38,B,1200
09:30:05,10.38,B,200
09:30:05,10.38,B,100
09:30:05,10.38,B,200
09:30:05,10.37,B,100
09:30:05,10.36,S,82
09:30:05,10.37,B,100
09:30:05,10.37,B,100
09:30:05,10.38,B,300
09:30:05,10.38,B,100
09:30:05,10.38,B,1000
09:30:05,10.38,B,100
09:30:05,10.38,B,3000
09:30:05,10.38,B,500
09:30:05,10.39,B,800
09:30:05,10.39,B,3000
09:30:05,10.39,B,2700
09:30:05,10.39,B,100
09:30:05,10.39,B,800
09:30:05,10.39,B,300
09:30:05,10.39,B,1100
09:30:05,10.39,B,100
09:30:05,10.39,B,800
09:30:06,10.39,B,1500
09:30:06,10.39,B,500
09:30:06,10.39,B,100
09:30:06,10.39,B,100
09:30:06,10.39,B,2000
09:30:06,10.39,B,2000
09:30:06,10.39,B,3000
09:30:06,10.39,B,300
09:30:06,10.39,B,500
09:30:06,10.39,B,1300
09:30:06,10.39,B,700
09:30:06,10.39,B,2000
09:30:06,10.39,B,300
09:30:06,10.39,B,1000
09:30:07,10.39,B,1000
09:30:07,10.38,S,1000
09:30:07,10.39,B,200
09:30:07,10.39,B,500
09:30:08,10.39,B,1000
09:30:08,10.39,B,500
09:30:08,10.39,B,1500
09:30:08,10.39,B,2000
09:30:08,10.39,B,100
09:30:08,10.39,B,300
09:30:08,10.39,B,3500
09:30:08,10.39,B,900
09:30:08,10.39,B,500
09:30:08,10.39,B,1000
09:30:08,10.39,B,2900
09:30:08,10.39,B,3700
09:30:08,10.39,B,2200
09:30:08,10.4,B,1161
09:30:08,10.4,B,239
09:30:08,10.4,B,500
09:30:08,10.4,B,8261
09:30:08,10.4,B,1739
09:30:08,10.4,B,500
09:30:08,10.38,S,1000
09:30:08,10.37,S,400
09:30:08,10.36,S,1218
09:30:08,10.36,S,900
09:30:08,10.36,S,882
09:30:09,10.39,B,100
09:30:09,10.39,B,500
09:30:09,10.39,B,800
09:30:09,10.4,B,1400
09:30:09,10.4,B,1000
09:30:09,10.4,B,200
09:30:10,10.4,B,400
09:30:10,10.4,B,1000
09:30:10,10.39,B,2000
09:30:10,10.38,B,10000
09:30:12,10.38,B,100
09:30:12,10.39,B,200
09:30:12,10.39,B,1000
09:30:12,10.39,B,100
09:30:12,10.39,B,1500
09:30:12,10.39,B,1000
09:30:13,10.39,B,3000
09:30:16,10.39,B,400
09:30:17,10.39,B,1000
09:30:18,10.39,B,1000
09:30:18,10.39,B,500
09:30:18,10.39,B,4000
09:30:19,10.39,B,400
09:30:19,10.39,B,500
09:30:22,10.39,B,700
09:30:25,10.38,S,100
09:30:27,10.38,S,200
09:30:27,10.37,S,800
09:30:27,10.37,S,100
09:30:28,10.39,B,3000
09:30:28,10.39,B,2000
09:30:29,10.39,B,4000
09:30:29,10.39,B,2400
09:30:29,10.39,B,200
09:30:29,10.39,B,100
09:30:29,10.39,B,400
09:30:29,10.39,B,900
09:30:30,10.4,B,10000
09:30:30,10.39,S,2000
09:30:31,10.37,S,100
09:30:32,10.37,S,800
09:30:33,10.38,B,6000
09:30:35,10.37,S,2800
09:30:35,10.37,S,2200
09:30:35,10.38,B,500
09:30:36,10.38,B,500
09:30:37,10.37,S,800
09:30:38,10.37,B,300
09:30:40,10.37,B,1900
09:30:42,10.37,S,1800
09:30:42,10.37,S,1000
09:30:43,10.37,B,3400
09:30:44,10.37,S,100
09:30:46,10.38,B,300
09:30:46,10.38,B,700
09:30:46,10.38,B,1100
09:30:50,10.38,B,1000
09:30:50,10.38,B,600
09:30:51,10.37,S,1500
09:30:51,10.37,S,3000
09:30:51,10.37,S,600
09:30:51,10.36,S,1118
09:30:51,10.36,S,30000
09:30:51,10.36,S,2000
09:30:51,10.36,S,3000
09:30:51,10.36,S,3900
09:30:51,10.35,S,300
09:30:52,10.36,B,3000
09:30:53,10.36,B,400
09:30:53,10.36,B,500
09:30:53,10.36,B,400
09:30:55,10.36,B,1000
09:30:55,10.36,B,2382
09:30:55,10.38,B,2618
09:30:56,10.38,B,3000
09:30:57,10.37,S,600
09:30:59,10.37,S,1400
09:30:59,10.37,B,300
09:31:00,10.37,B,2000
09:31:00,10.37,B,1000
09:31:01,10.37,B,800
09:31:02,10.37,B,300
09:31:02,10.37,B,700
09:31:03,10.37,B,300
09:31:04,10.36,S,10000
09:31:04,10.35,S,1700
09:31:04,10.35,S,1100
09:31:04,10.37,B,300
09:31:04,10.35,S,4800
09:31:04,10.35,S,900
09:31:04,10.35,S,500
09:31:04,10.35,S,3800
09:31:05,10.35,S,500
09:31:05,10.35,S,400
09:31:06,10.37,B,400
09:31:06,10.37,B,1000
09:31:07,10.36,S,200
09:31:07,10.35,S,300
09:31:07,10.35,S,200
09:31:07,10.35,S,300
09:31:08,10.36,S,1000
09:31:08,10.35,S,1700
09:31:08,10.35,S,2000
09:31:08,10.35,S,100
09:31:09,10.37,B,500
09:31:09,10.37,B,500
09:31:09,10.37,B,2400
09:31:10,10.35,S,900
09:31:10,10.35,S,1000
09:31:10,10.35,S,1000
09:31:10,10.35,S,1900
09:31:10,10.35,S,1000
09:31:10,10.35,S,200
09:31:10,10.35,S,1000
09:31:10,10.35,S,900
09:31:10,10.35,S,500
09:31:10,10.35,B,100
09:31:12,10.35,B,1500
09:31:12,10.35,B,500
09:31:12,10.36,S,1000
09:31:12,10.35,S,3000
09:31:12,10.34,S,500
09:31:12,10.34,S,500
09:31:12,10.34,S,1000
09:31:12,10.34,S,900
09:31:12,10.34,S,8800
09:31:12,10.37,B,1000
09:31:13,10.37,B,2000
09:31:14,10.36,S,100
09:31:15,10.36,S,900
09:31:15,10.34,S,8600
09:31:15,10.37,B,2000
09:31:16,10.37,B,300
09:31:16,10.35,S,8200
09:31:16,10.35,S,3600
09:31:16,10.35,S,500
09:31:16,10.35,S,1000
09:31:16,10.35,B,100
09:31:16,10.34,S,32600
09:31:16,10.33,S,1000
09:31:16,10.33,S,100
09:31:16,10.33,S,1200
09:31:16,10.33,S,5000
09:31:16,10.33,S,700
09:31:16,10.33,S,2000
09:31:16,10.33,S,400
09:31:16,10.35,B,1000
09:31:19,10.35,B,1000
09:31:19,10.35,B,6300
09:31:19,10.35,B,2000
09:31:19,10.35,B,300
09:31:19,10.35,B,1000
09:31:19,10.37,B,300
09:31:19,10.37,B,2200
09:31:19,10.37,B,100
09:31:19,10.37,B,100
09:31:19,10.37,B,700
09:31:19,10.37,B,300
09:31:20,10.35,B,100
09:31:20,10.35,S,900
09:31:20,10.34,S,200
09:31:20,10.34,S,5000
09:31:20,10.33,S,600
09:31:20,10.33,S,500
09:31:20,10.33,S,2000
09:31:20,10.33,S,2000
09:31:20,10.33,S,300
09:31:20,10.32,S,700
09:31:21,10.37,B,200
09:31:22,10.34,B,300
09:31:23,10.35,B,1000
09:31:23,10.35,B,100
09:31:25,10.34,S,500
09:31:25,10.35,B,2000
09:31:26,10.35,B,300
09:31:26,10.35,B,1000
09:31:26,10.35,B,1000
09:31:27,10.35,B,300
09:31:27,10.35,B,700
09:31:27,10.35,B,1000
09:31:28,10.34,S,1200
09:31:28,10.32,S,300
09:31:28,10.32,S,6900
09:31:28,10.35,B,2000
09:31:29,10.35,B,100
09:31:29,10.35,B,200
09:31:30,10.35,B,1000
09:31:30,10.35,B,1000
09:31:30,10.35,B,1000
09:31:31,10.34,S,200
09:31:32,10.35,B,2000
09:31:32,10.35,B,5000
09:31:33,10.35,B,3000
09:31:33,10.35,B,1000
09:31:34,10.35,B,2000
09:31:35,10.35,B,1200
09:31:35,10.35,B,600
09:31:35,10.35,B,1000
09:31:35,10.35,B,4500
09:31:35,10.35,B,1000
09:31:35,10.35,B,6100
09:31:36,10.34,S,600
09:31:36,10.36,B,200
09:31:37,10.34,S,4200
09:31:37,10.33,S,1400
09:31:38,10.36,B,700
09:31:38,10.36,B,1000
09:31:38,10.36,B,1100
09:31:38,10.36,B,100
09:31:39,10.36,B,100
09:31:39,10.36,B,200
09:31:40,10.35,S,1600
09:31:41,10.35,S,600
09:31:41,10.35,S,1000
09:31:41,10.35,S,1300
09:31:41,10.36,B,200
09:31:41,10.36,B,200
09:31:42,10.35,S,1600
09:31:42,10.35,S,500
09:31:43,10.35,S,2600
09:31:43,10.36,B,2200
09:31:43,10.36,B,2800
09:31:43,10.35,S,100
09:31:43,10.36,B,200
09:31:45,10.35,S,5300
09:31:45,10.35,S,200
09:31:45,10.35,S,4200
09:31:45,10.36,B,2000
09:31:46,10.36,B,500
09:31:46,10.35,S,800
09:31:46,10.35,S,500
09:31:46,10.34,S,3000
09:31:46,10.34,S,900
09:31:46,10.34,S,2000
09:31:46,10.34,S,300
09:31:46,10.34,S,500
09:31:46,10.34,S,17500
09:31:47,10.34,S,2100
09:31:48,10.35,S,2400
09:31:48,10.35,S,2000
09:31:48,10.35,S,1100
09:31:49,10.36,B,2000
09:31:49,10.35,S,10000
09:31:50,10.35,S,500
09:31:50,10.35,S,500
09:31:50,10.35,S,300
09:31:51,10.35,S,10000
09:31:53,10.35,S,400
09:31:53,10.35,S,500
09:31:54,10.35,S,900
09:31:55,10.35,S,700
09:31:55,10.35,S,1600
09:31:55,10.35,S,6800
09:31:55,10.36,B,28600
09:31:55,10.35,S,900
09:31:55,10.35,S,3000
09:31:56,10.35,S,1600
09:31:56,10.36,B,8000
09:31:56,10.35,S,36300
09:31:58,10.36,B,500
09:31:59,10.36,B,1000
09:31:59,10.35,S,1300
09:31:59,10.36,B,1000
09:31:59,10.35,S,600
09:31:59,10.36,B,800
09:31:59,10.36,B,42600
09:31:59,10.36,B,2000
09:31:59,10.36,B,100
09:31:59,10.36,B,5300
09:31:59,10.36,B,200
09:32:00,10.35,S,14300
09:32:00,10.35,S,1000
09:32:00,10.35,S,1000
09:32:00,10.35,S,200
09:32:00,10.35,S,1000
09:32:00,10.35,S,100
09:32:00,10.35,S,100
09:32:00,10.35,S,1500
09:32:00,10.35,S,2000
09:32:00,10.35,S,1200
09:32:00,10.35,S,100
09:32:00,10.35,S,1700
09:32:00,10.35,S,400
09:32:00,10.35,S,3900
09:32:00,10.35,S,300
09:32:00,10.35,S,500
09:32:00,10.35,S,1000
09:32:00,10.35,S,500
09:32:00,10.35,B,1400
09:32:01,10.35,S,1000
09:32:02,10.36,B,100
09:32:02,10.36,B,900
09:32:02,10.35,S,500
09:32:02,10.34,S,1600
09:32:02,10.36,B,100
09:32:02,10.36,B,1500
09:32:02,10.34,S,400
09:32:02,10.34,S,100
09:32:02,10.34,S,1000
09:32:02,10.34,S,1000
09:32:02,10.34,S,2300
09:32:03,10.35,B,500
09:32:03,10.35,B,400
09:32:04,10.35,B,2000
09:32:04,10.35,B,1000
09:32:05,10.35,B,100
09:32:05,10.35,B,1000
09:32:05,10.34,S,300
09:32:05,10.35,B,700
09:32:05,10.35,B,2900
09:32:06,10.34,S,1600
09:32:07,10.34,S,800
09:32:07,10.34,S,2500
09:32:08,10.35,B,100
09:32:08,10.35,B,400
09:32:09,10.35,B,700
09:32:09,10.35,B,5600
09:32:09,10.35,B,2000
09:32:09,10.35,B,2600
09:32:09,10.35,B,10720
09:32:09,10.35,B,300
09:32:09,10.35,B,1500
09:32:09,10.35,B,1600
09:32:09,10.35,B,1000
09:32:09,10.35,B,12280
09:32:09,10.35,B,520
09:32:09,10.36,B,480
09:32:10,10.36,B,500
09:32:10,10.36,B,4200
09:32:10,10.36,B,1000
09:32:11,10.36,B,820
09:32:11,10.36,B,1000
09:32:11,10.36,B,180
09:32:11,10.35,S,1000
09:32:12,10.35,B,300
09:32:12,10.35,B,300
09:32:12,10.35,B,200
09:32:12,10.34,S,2500
09:32:12,10.34,S,2300
09:32:12,10.34,S,500
09:32:13,10.35,B,500
09:32:14,10.35,B,2600
09:32:14,10.34,S,2200
09:32:14,10.34,S,100
09:32:14,10.34,S,900
09:32:15,10.35,B,700
09:32:15,10.35,B,200
09:32:15,10.35,B,1600
09:32:15,10.36,B,20
09:32:15,10.36,S,1600
09:32:16,10.36,S,100
09:32:16,10.36,S,180
09:32:16,10.36,S,100
09:32:16,10.36,S,1000
09:32:16,10.35,S,1420
09:32:16,10.35,S,1580
09:32:16,10.34,S,100
09:32:16,10.34,S,300
09:32:16,10.34,S,500
09:32:16,10.34,S,100
09:32:16,10.35,B,20
09:32:17,10.36,S,3300
09:32:17,10.36,S,100
09:32:17,10.36,S,100
09:32:18,10.36,S,1480
09:32:18,10.35,S,1000
09:32:18,10.35,S,1000
09:32:18,10.35,S,500
09:32:18,10.34,S,400
09:32:18,10.34,S,1000
09:32:18,10.34,S,1000
09:32:18,10.34,S,4000
09:32:18,10.34,S,1100
09:32:20,10.35,S,2000
09:32:20,10.35,S,100
09:32:20,10.34,S,3900
09:32:20,10.34,S,800
09:32:20,10.34,S,300
09:32:20,10.34,B,2900
09:32:20,10.35,B,100
09:32:21,10.36,B,100
09:32:21,10.35,S,100
09:32:22,10.36,B,500
09:32:23,10.36,B,1000
09:32:23,10.36,B,5820
09:32:23,10.36,B,980
09:32:24,10.35,S,1800
09:32:24,10.35,S,100
09:32:24,10.35,S,1900
09:32:24,10.35,S,2100
09:32:24,10.35,S,900
09:32:24,10.35,S,500
09:32:24,10.35,S,100
09:32:24,10.35,S,500
09:32:24,10.36,B,100
09:32:24,10.35,S,2000
09:32:26,10.36,B,120
09:32:28,10.36,S,880
09:32:28,10.36,S,200
09:32:28,10.36,S,300
09:32:28,10.35,S,4000
09:32:28,10.36,B,1020
09:32:28,10.36,S,6400
09:32:28,10.36,S,4800
09:32:28,10.36,S,400
09:32:29,10.36,S,2880
09:32:29,10.36,S,320
09:32:29,10.36,S,680
09:32:29,10.36,S,200
09:32:29,10.36,S,120
09:32:30,10.36,S,300
09:32:31,10.36,S,80
09:32:31,10.35,S,11120
09:32:31,10.36,S,1000
09:32:31,10.35,S,600
09:32:35,10.36,S,1400
09:32:35,10.36,S,200
09:32:35,10.37,B,1600
09:32:35,10.36,S,2600
09:32:35,10.36,S,2200
09:32:35,10.36,S,300
09:32:35,10.36,S,200
09:32:35,10.36,S,3400
09:32:36,10.36,S,1600
09:32:36,10.37,B,400
09:32:37,10.37,B,200
09:32:37,10.37,B,1800
09:32:37,10.36,S,1000
09:32:37,10.36,S,1600
09:32:38,10.37,B,20000
09:32:38,10.37,B,9000
09:32:38,10.37,B,1000
09:32:38,10.36,S,200
09:32:38,10.36,S,1000
09:32:38,10.36,S,400
09:32:38,10.36,S,1900
09:32:38,10.36,S,200
09:32:39,10.36,S,1000
09:32:39,10.36,S,200
09:32:39,10.36,S,1100
09:32:39,10.36,S,300
09:32:39,10.36,S,1100
09:32:40,10.36,S,2300
09:32:40,10.36,S,700
09:32:40,10.36,S,100
09:32:40,10.36,S,1000
09:32:40,10.36,S,300
09:32:40,10.36,S,2000
09:32:40,10.36,B,2500
09:32:40,10.36,S,2000
09:32:41,10.36,S,600
09:32:41,10.36,S,500
09:32:41,10.35,S,2100
09:32:41,10.35,S,300
09:32:41,10.35,S,200
09:32:41,10.36,S,3000
09:32:41,10.35,S,4900
09:32:42,10.35,S,1600
09:32:42,10.36,B,400
09:32:42,10.37,B,2100
09:32:42,10.37,B,500
09:32:42,10.37,B,500
09:32:42,10.37,B,1400
09:32:42,10.37,B,1100
09:32:42,10.37,B,1600
09:32:42,10.37,B,1600
09:32:42,10.37,S,2400
09:32:42,10.35,S,2680
09:32:42,10.35,S,1000
09:32:42,10.35,S,200
09:32:42,10.35,S,120
09:32:42,10.35,S,880
09:32:42,10.35,S,600
09:32:42,10.35,S,500
09:32:42,10.35,S,1220
09:32:42,10.35,S,780
09:32:42,10.35,S,700
09:32:42,10.35,S,100
09:32:42,10.35,S,400
09:32:42,10.35,S,2000
09:32:42,10.35,S,820
09:32:42,10.35,S,180
09:32:42,10.35,S,3020
09:32:43,10.36,S,100
09:32:43,10.35,S,300
09:32:43,10.35,S,6400
09:32:43,10.36,S,1600
09:32:44,10.36,S,1400
09:32:44,10.36,S,100
09:32:44,10.36,S,1000
09:32:44,10.36,S,700
09:32:45,10.37,B,200
09:32:45,10.36,S,300
09:32:45,10.36,S,100
09:32:45,10.35,S,280
09:32:45,10.35,S,500
09:32:45,10.35,S,5820
09:32:46,10.35,S,500
09:32:48,10.37,B,1600
09:32:48,10.37,B,1400
09:32:48,10.36,S,500
09:32:49,10.36,S,400
09:32:50,10.36,S,100
09:32:50,10.36,S,1600
09:32:50,10.36,S,16200
09:32:50,10.36,S,2300
09:32:50,10.36,S,300
09:32:50,10.36,S,700
09:32:50,10.36,S,6600
09:32:50,10.36,S,10000
09:32:50,10.36,S,3500
09:32:50,10.35,S,3680
09:32:50,10.35,S,2000
09:32:50,10.35,S,1000
09:32:50,10.35,S,120
09:32:50,10.37,B,200
09:32:50,10.37,B,4200
09:32:52,10.38,B,100
09:32:52,10.38,B,600
09:32:52,10.37,S,600
09:32:52,10.37,S,500
09:32:52,10.36,S,2300
09:32:52,10.36,S,5600
09:32:53,10.37,S,4100
09:32:53,10.36,S,4400
09:32:53,10.36,S,200
09:32:53,10.36,S,400
09:32:53,10.35,S,2200
09:32:54,10.36,B,500
09:32:56,10.37,S,1600
09:32:56,10.37,S,200
09:32:56,10.37,S,700
09:32:56,10.36,S,100
09:32:56,10.36,S,300
09:32:57,10.36,B,2200
09:32:57,10.37,B,300
09:32:57,10.37,B,500
09:32:58,10.37,B,200
09:32:58,10.37,S,300
09:32:58,10.36,S,1700
09:32:58,10.37,S,1000
09:32:59,10.37,S,2600
09:32:59,10.36,S,600
09:32:59,10.36,S,1600
09:33:00,10.36,S,500
09:33:00,10.36,S,600
09:33:00,10.36,S,2700
09:33:01,10.36,S,400
09:33:01,10.37,B,900
09:33:02,10.37,B,100
09:33:02,10.37,S,500
09:33:02,10.37,S,1400
09:33:03,10.37,B,200
09:33:03,10.37,S,100
09:33:04,10.37,S,700
09:33:04,10.36,S,900
09:33:05,10.36,S,400
09:33:05,10.36,S,100
09:33:06,10.37,S,1000
09:33:06,10.37,B,2000
09:33:06,10.37,B,400
09:33:06,10.37,B,1600
09:33:06,10.37,B,1100
09:33:07,10.37,S,800
09:33:08,10.37,S,5000
09:33:08,10.38,B,200
09:33:08,10.38,B,300
09:33:08,10.38,B,1500
09:33:08,10.38,B,900
09:33:08,10.38,B,300
09:33:12,10.37,S,600
09:33:12,10.38,B,300
09:33:12,10.38,B,700
09:33:13,10.37,S,3000
09:33:13,10.38,B,3200
09:33:13,10.38,B,3000
09:33:13,10.38,B,1100
09:33:13,10.38,B,100
09:33:14,10.38,S,100
09:33:15,10.38,S,100
09:33:15,10.38,S,1700
09:33:15,10.38,S,6200
09:33:15,10.38,S,1200
09:33:15,10.37,S,800
09:33:17,10.38,S,900
09:33:18,10.38,S,100
09:33:18,10.38,S,300
09:33:18,10.37,S,200
09:33:20,10.37,S,200
09:33:20,10.38,S,200
09:33:20,10.37,S,700
09:33:20,10.39,B,700
09:33:22,10.38,S,100
09:33:22,10.38,S,300
09:33:22,10.37,S,1600
09:33:23,10.39,B,1300
09:33:23,10.39,B,2300
09:33:24,10.39,S,1600
09:33:25,10.39,S,1000
09:33:26,10.39,S,3000
09:33:29,10.39,S,800
09:33:29,10.39,S,100
09:33:29,10.38,S,100
09:33:29,10.38,S,100
09:33:29,10.38,S,700
09:33:32,10.39,S,200
09:33:32,10.39,S,200
09:33:32,10.38,S,1600
09:33:33,10.4,B,2000
09:33:35,10.39,S,500
09:33:35,10.39,S,200
09:33:35,10.4,B,1761
09:33:35,10.4,B,1239
09:33:37,10.39,S,300
09:33:40,10.4,B,761
09:33:40,10.4,B,200
09:33:40,10.4,B,100
09:33:40,10.4,B,600
09:33:40,10.4,B,339
09:33:40,10.39,S,500
09:33:40,10.39,S,300
09:33:40,10.39,S,3000
09:33:40,10.39,S,200
09:33:40,10.39,S,1800
09:33:40,10.39,S,1000
09:33:40,10.39,S,1000
09:33:40,10.39,S,100
09:33:40,10.38,S,700
09:33:40,10.38,S,1400
09:33:40,10.38,S,100
09:33:40,10.4,B,1000
09:33:41,10.38,S,300
09:33:41,10.38,S,1000
09:33:41,10.38,S,200
09:33:41,10.38,S,2000
09:33:41,10.38,S,600
09:33:41,10.38,S,3700
09:33:41,10.4,B,7961
09:33:41,10.4,B,39
09:33:41,10.4,B,161
09:33:41,10.4,B,500
09:33:41,10.4,B,339
09:33:41,10.4,B,1000
09:33:41,10.39,S,200
09:33:41,10.38,S,100
09:33:42,10.4,B,1661
09:33:42,10.4,B,339
09:33:43,10.39,S,100
09:33:43,10.39,S,500
09:33:43,10.39,S,1000
09:33:43,10.39,S,1000
09:33:43,10.38,S,7500
09:33:44,10.4,B,200
09:33:44,10.39,S,3000
09:33:44,10.38,S,1000
09:33:44,10.38,S,300
09:33:44,10.38,S,1000
09:33:44,10.38,S,200
09:33:44,10.38,S,2000
09:33:44,10.38,S,400
09:33:44,10.4,B,700
09:33:44,10.4,B,561
09:33:44,10.4,B,939
09:33:46,10.39,B,100
09:33:46,10.4,B,400
09:33:46,10.4,B,5000
09:33:47,10.39,S,2700
09:33:47,10.4,B,3000
09:33:48,10.4,B,1800
09:33:48,10.4,B,61
09:33:48,10.4,B,39
09:33:49,10.4,B,1461
09:33:51,10.4,S,1000
09:33:52,10.4,S,100
09:33:54,10.4,S,100
09:33:54,10.4,S,1339
09:33:54,10.4,S,500
09:33:54,10.4,S,161
09:33:54,10.4,S,39
09:33:54,10.4,S,161
09:33:56,10.41,B,1900
09:33:57,10.4,S,39
09:33:57,10.4,S,100
09:33:57,10.4,S,1400
09:33:57,10.4,S,361
09:33:58,10.41,B,1000
09:33:59,10.4,S,100
09:34:00,10.41,B,300
09:34:00,10.41,B,100
09:34:00,10.41,B,100
09:34:00,10.41,B,4000
09:34:01,10.4,S,3539
09:34:01,10.4,S,1000
09:34:01,10.4,S,5961
09:34:02,10.41,B,600
09:34:02,10.4,S,2000
09:34:03,10.4,S,1400
09:34:03,10.4,S,639
09:34:03,10.4,S,200
09:34:03,10.4,S,161
09:34:04,10.41,B,7400
09:34:04,10.41,B,200
09:34:04,10.41,B,100
09:34:04,10.4,S,1339
09:34:04,10.4,S,200
09:34:04,10.4,S,400
09:34:04,10.4,S,1000
09:34:04,10.4,S,1000
09:34:04,10.4,S,361
09:34:06,10.4,S,300
09:34:07,10.41,B,900
09:34:07,10.41,B,100
09:34:07,10.41,B,1000
09:34:07,10.4,S,339
09:34:07,10.4,S,1000
09:34:07,10.4,S,661
09:34:08,10.41,B,700
09:34:08,10.41,B,500
09:34:08,10.41,B,100
09:34:08,10.41,B,700
09:34:08,10.4,S,500
09:34:08,10.41,B,3000
09:34:09,10.41,B,500
09:34:10,10.41,B,2000
09:34:10,10.4,S,2739
09:34:10,10.4,S,300
09:34:10,10.4,S,100
09:34:10,10.4,S,1000
09:34:10,10.4,S,861
09:34:12,10.41,B,400
09:34:13,10.41,B,200
09:34:15,10.4,S,300
09:34:16,10.41,B,10000
09:34:16,10.41,B,3200
09:34:16,10.41,B,100
09:34:16,10.41,B,500
09:34:16,10.41,B,100
09:34:16,10.41,B,400
09:34:16,10.41,B,400
09:34:16,10.41,B,6400
09:34:16,10.41,B,2000
09:34:16,10.41,B,400
09:34:16,10.41,B,7000
09:34:16,10.41,B,500
09:34:16,10.41,B,1000
09:34:16,10.41,B,200
09:34:16,10.41,B,2000
09:34:16,10.41,B,1000
09:34:16,10.41,B,500
09:34:16,10.41,B,1700
09:34:16,10.41,B,6000
09:34:16,10.41,B,200
09:34:16,10.41,B,1600
09:34:20,10.41,S,1100
09:34:22,10.41,S,7500
09:34:22,10.41,S,100
09:34:22,10.41,S,1000
09:34:22,10.41,S,2000
09:34:22,10.41,S,3000
09:34:22,10.41,S,500
09:34:22,10.41,S,500
09:34:22,10.41,S,1000
09:34:22,10.41,S,1000
09:34:22,10.41,S,1300
09:34:22,10.41,S,500
09:34:23,10.41,S,4000
09:34:23,10.41,S,3300
09:34:23,10.42,B,500
09:34:23,10.42,B,5000
09:34:23,10.42,B,200
09:34:23,10.42,B,200
09:34:23,10.42,B,300
09:34:23,10.42,B,300
09:34:23,10.42,B,300
09:34:24,10.41,S,700
09:34:26,10.41,S,200
09:34:27,10.42,S,3000
09:34:27,10.42,S,3300
09:34:27,10.41,S,1000
09:34:27,10.41,S,1000
09:34:27,10.41,S,200
09:34:27,10.41,S,4000
09:34:27,10.41,S,200
09:34:27,10.41,S,4000
09:34:27,10.41,S,3300
09:34:31,10.42,S,100
09:34:33,10.43,B,500
09:34:33,10.43,B,1500
09:34:34,10.43,S,500
09:34:34,10.42,S,3500
09:34:36,10.42,S,1000
09:34:38,10.42,S,1000
09:34:39,10.43,B,1000
09:34:39,10.43,B,400
09:34:39,10.43,B,600
09:34:39,10.44,B,300
09:34:41,10.43,S,350
09:34:45,10.44,B,200
09:34:45,10.44,B,900
09:34:45,10.43,S,1450
09:34:45,10.43,S,600
09:34:45,10.43,S,600
09:34:45,10.43,S,800
09:34:45,10.43,S,100
09:34:45,10.43,S,200
09:34:45,10.43,S,3250
09:34:47,10.44,B,1100
09:34:47,10.45,B,200
09:34:47,10.45,B,2700
09:34:47,10.44,B,1000
09:34:48,10.43,S,100
09:34:50,10.43,S,100
09:34:50,10.43,S,1805
09:34:50,10.43,S,4045
09:34:50,10.43,S,355
09:34:52,10.43,S,245
09:34:52,10.43,S,200
09:34:52,10.43,S,200
09:34:52,10.43,S,355
09:34:53,10.44,B,6100
09:34:53,10.44,S,2600
09:34:54,10.44,S,1000
09:34:58,10.44,S,1000
09:34:58,10.45,B,300
09:34:58,10.45,B,200
09:34:58,10.45,B,600
09:34:59,10.44,S,2000
09:35:00,10.44,S,3200
09:35:01,10.45,B,1000
09:35:03,10.44,S,2000
09:35:03,10.44,S,1500
09:35:03,10.44,S,1000
09:35:05,10.44,S,200
09:35:05,10.44,S,400
09:35:07,10.44,S,2300
09:35:07,10.44,S,400
09:35:07,10.45,B,100
09:35:08,10.45,B,200
09:35:08,10.45,B,500
09:35:08,10.44,S,300
09:35:09,10.44,S,300
09:35:09,10.44,S,4100
09:35:09,10.44,S,1300
09:35:09,10.44,S,400
09:35:09,10.44,S,2500
09:35:10,10.45,B,600
09:35:10,10.45,B,100
09:35:11,10.44,S,1700
09:35:12,10.44,S,700
09:35:13,10.45,B,1100
09:35:13,10.45,B,100
09:35:13,10.45,B,600
09:35:13,10.45,B,500
09:35:14,10.45,B,600
09:35:14,10.45,B,1400
09:35:15,10.45,B,600
09:35:15,10.45,B,400
09:35:15,10.45,B,1000
09:35:15,10.45,B,200
09:35:16,10.45,B,400
09:35:16,10.45,B,300
09:35:16,10.45,B,1100
09:35:16,10.45,B,400
09:35:16,10.45,B,1000
09:35:16,10.45,B,400
09:35:16,10.45,B,600
09:35:16,10.45,B,100
09:35:17,10.45,B,500
09:35:17,10.44,S,1900
09:35:17,10.44,S,300
09:35:17,10.44,S,800
09:35:18,10.45,B,100
09:35:18,10.45,B,4700
09:35:20,10.45,B,200
09:35:21,10.45,B,1300
09:35:21,10.45,B,1000
09:35:21,10.44,S,800
09:35:21,10.45,B,500
09:35:21,10.45,B,1700
09:35:21,10.45,B,2400
09:35:21,10.45,B,500
09:35:21,10.45,B,5400
09:35:22,10.45,B,100
09:35:22,10.45,B,500
09:35:22,10.45,B,100
09:35:22,10.45,B,100
09:35:23,10.45,B,100
09:35:24,10.44,S,3400
09:35:24,10.44,S,1600
09:35:24,10.45,B,1000
09:35:24,10.45,B,800
09:35:24,10.45,B,200
09:35:24,10.45,B,600
09:35:25,10.45,B,100
09:35:25,10.45,B,900
09:35:25,10.45,B,100
09:35:25,10.45,B,2300
09:35:27,10.45,S,1600
09:35:28,10.45,S,100
09:35:29,10.45,S,1000
09:35:29,10.46,B,3000
09:35:29,10.46,B,1300
09:35:31,10.46,S,1600
09:35:31,10.45,S,700
09:35:31,10.46,B,400
09:35:33,10.47,S,1600
09:35:44,10.46,S,500
09:35:44,10.46,S,1700
09:35:44,10.47,B,400
09:35:44,10.47,B,2000
09:35:45,10.47,S,500
09:35:46,10.48,B,400
09:35:47,10.48,B,1000
09:35:47,10.48,B,600
09:35:47,10.48,B,400
09:35:51,10.47,S,100
09:35:52,10.48,B,500
09:35:52,10.47,S,400
09:35:52,10.47,S,100
09:35:52,10.47,S,300
09:35:52,10.47,S,1400
09:35:52,10.47,S,100
09:35:52,10.47,S,600
09:35:52,10.46,S,300
09:35:52,10.46,S,300
09:35:53,10.48,B,100
09:35:53,10.48,B,1000
09:35:54,10.48,B,500
09:35:55,10.47,S,1000
09:35:55,10.47,S,200
09:35:55,10.47,S,100
09:35:56,10.48,B,100
09:35:57,10.47,S,200
09:35:57,10.48,B,500
09:35:57,10.48,B,200
09:35:59,10.47,S,100
09:35:59,10.47,S,300
09:35:59,10.47,S,900
09:35:59,10.47,S,700
09:35:59,10.48,B,800
09:36:00,10.48,B,100
09:36:01,10.48,B,2000
09:36:01,10.48,B,800
09:36:01,10.48,B,200
09:36:02,10.48,B,800
09:36:02,10.48,B,9200
09:36:02,10.47,S,300
09:36:02,10.47,S,1600
09:36:03,10.48,B,800
09:36:03,10.48,B,200
09:36:03,10.48,B,1000
09:36:04,10.48,B,1200
09:36:04,10.48,B,800
09:36:04,10.48,B,59
09:36:04,10.48,B,2000
09:36:05,10.48,S,300
09:36:05,10.48,S,641
09:36:05,10.48,S,200
09:36:05,10.48,S,100
09:36:05,10.47,S,159
09:36:06,10.49,B,600
09:36:06,10.49,B,400
09:36:07,10.48,S,200
09:36:09,10.48,S,500
09:36:10,10.48,S,3800
09:36:10,10.48,S,500
09:36:10,10.48,S,100
09:36:10,10.48,S,200
09:36:10,10.48,S,500
09:36:10,10.48,S,700
09:36:11,10.48,S,300
09:36:11,10.48,S,1700
09:36:13,10.48,S,1100
09:36:14,10.49,B,1300
09:36:14,10.49,B,500
09:36:14,10.49,B,2000
09:36:14,10.49,B,2000
09:36:14,10.49,B,10682
09:36:14,10.49,B,1000
09:36:14,10.49,B,700
09:36:14,10.49,B,1000
09:36:14,10.49,B,500
09:36:14,10.49,B,100
09:36:14,10.49,B,2000
09:36:14,10.49,B,2500
09:36:14,10.49,B,1000
09:36:14,10.49,B,1000
09:36:14,10.5,B,500
09:36:14,10.5,B,1500
09:36:14,10.5,B,4300
09:36:14,10.5,B,200
09:36:14,10.5,B,100
09:36:14,10.5,B,1000
09:36:14,10.5,B,200
09:36:14,10.5,B,200
09:36:14,10.5,B,100000
09:36:14,10.5,B,200
09:36:14,10.5,B,5700
09:36:14,10.5,B,1500
09:36:14,10.5,B,200
09:36:14,10.5,B,1500
09:36:14,10.5,B,1000
09:36:14,10.5,B,1000
09:36:14,10.5,S,200
09:36:16,10.5,S,500
09:36:17,10.5,S,32500
09:36:17,10.51,B,1500
09:36:17,10.51,B,4500
09:36:17,10.51,B,8000
09:36:18,10.5,S,1000
09:36:19,10.5,S,3700
09:36:19,10.5,S,3300
09:36:19,10.5,S,100
09:36:20,10.5,S,1100
09:36:20,10.5,S,2300
09:36:20,10.5,S,2100
09:36:21,10.51,B,2000
09:36:21,10.51,B,3000
09:36:21,10.51,B,100
09:36:21,10.51,B,1600
09:36:21,10.51,B,1600
09:36:24,10.52,B,1000
09:36:24,10.53,B,400
09:36:24,10.53,B,1000
09:36:24,10.53,B,500
09:36:25,10.51,S,2200
09:36:26,10.51,S,1600
09:36:26,10.51,S,2000
09:36:26,10.51,S,4500
09:36:26,10.51,S,7100
09:36:26,10.5,S,200
09:36:27,10.51,S,100
09:36:27,10.5,S,1500
09:36:27,10.5,S,3000
09:36:27,10.5,S,1000
09:36:28,10.51,S,900
09:36:28,10.5,S,4100
09:36:28,10.5,S,100
09:36:30,10.52,S,400
09:36:30,10.5,S,2600
09:36:31,10.51,S,2000
09:36:32,10.51,S,700
09:36:32,10.51,S,1100
09:36:35,10.51,S,600
09:36:36,10.53,B,1900
09:36:37,10.51,S,1600
09:36:37,10.51,S,4800
09:36:38,10.51,S,1400
09:36:38,10.52,B,2000
09:36:38,10.53,B,100
09:36:38,10.53,B,10000
09:36:38,10.53,B,1100
09:36:38,10.53,B,1600
09:36:38,10.53,B,8000
09:36:38,10.53,B,1600
09:36:38,10.53,B,1600
09:36:38,10.53,B,100
09:36:39,10.51,S,1000
09:36:39,10.51,S,2600
09:36:39,10.53,B,100
09:36:40,10.53,B,500
09:36:41,10.53,B,100
09:36:41,10.51,S,100
09:36:41,10.51,S,1600
09:36:42,10.52,B,200
09:36:42,10.52,B,900
09:36:42,10.53,B,100
09:36:43,10.51,S,1000
09:36:43,10.51,S,9800
09:36:43,10.51,S,800
09:36:43,10.51,S,9300
09:36:43,10.51,S,200
09:36:43,10.51,S,200
09:36:43,10.51,S,5000
09:36:43,10.51,S,3300
09:36:43,10.51,B,1300
09:36:44,10.51,B,1000
09:36:45,10.51,B,500
09:36:45,10.51,B,100
09:36:46,10.51,B,13600
09:36:46,10.51,B,500
09:36:46,10.51,B,1000
09:36:47,10.5,S,4300
09:36:47,10.51,B,400
09:36:47,10.5,S,1600
09:36:47,10.51,B,4500
09:36:48,10.51,B,1000
09:36:48,10.51,B,100
09:36:48,10.51,B,100
09:36:49,10.5,S,1000
09:36:50,10.51,B,5000
09:36:50,10.5,S,100
09:36:50,10.51,B,500
09:36:50,10.51,B,600
09:36:51,10.51,B,400
09:36:51,10.51,B,2000
09:36:51,10.51,B,1200
09:36:51,10.51,B,200
09:36:51,10.51,B,100
09:36:51,10.51,B,17300
09:36:51,10.51,B,12300
09:36:51,10.51,B,300
09:36:51,10.51,B,100
09:36:52,10.51,B,1500
09:36:52,10.52,B,1000
09:36:52,10.52,B,500
09:36:52,10.52,B,1600
09:36:52,10.53,B,1800
09:36:52,10.53,B,1000
09:36:52,10.53,B,500
09:36:52,10.53,B,2000
09:36:52,10.53,B,100
09:36:53,10.5,S,1100
09:36:53,10.53,B,300
09:36:53,10.53,B,600
09:36:54,10.53,S,100
09:36:55,10.5,S,3200
09:36:55,10.53,B,1800
09:36:56,10.51,B,100
09:36:57,10.51,B,500
09:36:57,10.5,S,1600
09:36:57,10.51,B,1400
09:36:57,10.51,B,600
09:36:57,10.51,B,2000
09:36:57,10.5,S,1600
09:36:58,10.51,B,2400
09:36:58,10.51,B,700
09:36:58,10.53,B,4300
09:36:58,10.53,B,100
09:36:58,10.53,B,3000
09:36:59,10.53,B,700
09:36:59,10.53,B,1000
09:36:59,10.53,B,100
09:36:59,10.53,B,600
09:36:59,10.51,B,300
09:37:00,10.51,B,1300
09:37:00,10.51,B,600
09:37:00,10.51,B,200
09:37:01,10.51,B,500
09:37:02,10.51,B,1800
09:37:02,10.51,B,900
09:37:02,10.51,B,300
09:37:03,10.51,B,800
09:37:03,10.51,B,200
09:37:03,10.51,B,1000
09:37:03,10.51,B,1800
09:37:03,10.51,B,500
09:37:03,10.53,B,1400
09:37:03,10.53,B,100
09:37:04,10.53,B,900
09:37:04,10.53,B,100
09:37:04,10.53,B,200
09:37:05,10.51,S,300
09:37:05,10.51,S,400
09:37:05,10.53,B,3900
09:37:05,10.53,B,300
09:37:05,10.51,S,400
09:37:05,10.53,B,500
09:37:05,10.53,B,1100
09:37:05,10.53,B,300
09:37:05,10.53,B,100
09:37:07,10.51,S,300
09:37:08,10.52,B,300
09:37:09,10.53,B,2000
09:37:09,10.52,S,700
09:37:09,10.51,S,500
09:37:10,10.51,S,400
09:37:10,10.51,S,1000
09:37:10,10.51,S,1500
09:37:10,10.51,S,1000
09:37:10,10.51,S,2000
09:37:10,10.51,S,2000
09:37:10,10.5,S,92100
09:37:11,10.51,S,500
09:37:11,10.51,S,1000
09:37:11,10.51,S,1400
09:37:12,10.51,B,300
09:37:13,10.51,B,100
09:37:13,10.53,B,10000
09:37:13,10.51,S,400
09:37:13,10.51,B,2000
09:37:13,10.51,B,800
09:37:14,10.53,B,1300
09:37:14,10.53,B,3600
09:37:14,10.53,B,7000
09:37:14,10.53,B,100
09:37:14,10.53,B,100
09:37:14,10.53,B,1600
09:37:14,10.53,B,300
09:37:15,10.51,S,200
09:37:15,10.51,S,200
09:37:15,10.51,S,700
09:37:15,10.53,B,100
09:37:17,10.53,B,500
09:37:17,10.53,B,2000
09:37:17,10.53,B,2500
09:37:17,10.53,B,200
09:37:17,10.53,B,400
09:37:17,10.51,S,2300
09:37:17,10.51,S,3300
09:37:17,10.51,S,500
09:37:17,10.51,S,500
09:37:17,10.51,S,2500
09:37:17,10.51,S,2000
09:37:17,10.51,S,10000
09:37:17,10.5,S,38718
09:37:17,10.5,S,2000
09:37:17,10.5,S,100
09:37:17,10.5,S,400
09:37:17,10.5,S,4500
09:37:17,10.5,S,500
09:37:17,10.5,S,2000
09:37:17,10.5,S,1000
09:37:17,10.5,S,3500
09:37:17,10.5,S,282
09:37:18,10.52,S,1000
09:37:18,10.51,S,1000
09:37:18,10.51,S,2000
09:37:18,10.52,B,1000
09:37:18,10.53,B,700
09:37:18,10.53,B,100
09:37:19,10.51,S,3000
09:37:19,10.5,S,518
09:37:19,10.5,S,100
09:37:19,10.5,S,5282
09:37:20,10.51,B,2500
09:37:20,10.51,B,500
09:37:20,10.51,B,500
09:37:20,10.52,B,1500
09:37:20,10.52,B,800
09:37:20,10.52,B,9900
09:37:20,10.52,B,1000
09:37:21,10.51,S,500
09:37:21,10.5,S,918
09:37:21,10.5,S,1682
09:37:21,10.5,S,1000
09:37:22,10.5,S,400
09:37:22,10.5,S,5000
09:37:22,10.51,S,300
09:37:22,10.5,S,1918
09:37:22,10.5,S,300
09:37:22,10.5,S,700
09:37:22,10.5,S,500
09:37:22,10.5,S,1000
09:37:23,10.5,B,1000
09:37:23,10.5,B,300
09:37:24,10.5,B,100
09:37:24,10.5,B,6000
09:37:24,10.5,B,2700
09:37:25,10.5,B,600
09:37:25,10.5,B,100
09:37:25,10.5,B,300
09:37:25,10.5,B,500
09:37:25,10.5,B,300
09:37:26,10.49,S,500
09:37:26,10.49,S,100
09:37:26,10.49,S,900
09:37:26,10.49,S,100
09:37:27,10.5,B,200
09:37:27,10.5,B,1000
09:37:27,10.49,S,101
09:37:27,10.5,B,800
09:37:27,10.5,B,500
09:37:28,10.5,B,200
09:37:28,10.5,B,2000
09:37:28,10.5,B,200
09:37:28,10.5,B,1000
09:37:29,10.49,S,399
09:37:29,10.49,S,300
09:37:29,10.49,S,1000
09:37:29,10.49,S,1301
09:37:29,10.5,B,100
09:37:29,10.5,B,3400
09:37:29,10.5,B,100
09:37:30,10.5,B,600
09:37:31,10.49,S,800
09:37:31,10.5,B,5600
09:37:32,10.5,B,1782
09:37:32,10.5,B,918
09:37:32,10.5,B,3082
09:37:32,10.5,B,350
09:37:32,10.5,B,1000
09:37:32,10.51,B,5568
09:37:33,10.51,B,2600
09:37:33,10.5,S,2000
09:37:35,10.5,S,3000
09:37:35,10.5,S,1000
09:37:35,10.5,B,1000
09:37:35,10.51,B,200
09:37:36,10.5,S,3000
09:37:36,10.5,S,2000
09:37:37,10.5,S,700
09:37:37,10.5,S,5000
09:37:37,10.5,S,4200
09:37:37,10.5,S,4100
09:37:37,10.5,B,2000
09:37:38,10.5,B,500
09:37:38,10.5,B,1600
09:37:38,10.5,B,300
09:37:39,10.49,S,4000
09:37:39,10.5,B,1400
09:37:40,10.49,S,1200
09:37:41,10.5,B,500
09:37:41,10.49,S,1600
09:37:43,10.5,B,100
09:37:43,10.5,B,500
09:37:43,10.49,S,1000
09:37:43,10.49,S,1000
09:37:43,10.49,S,4300
09:37:43,10.49,S,1900
09:37:43,10.5,B,100
09:37:44,10.5,B,500
09:37:44,10.5,B,200
09:37:44,10.5,B,1000
09:37:44,10.5,B,1000
09:37:44,10.49,S,2899
09:37:44,10.49,S,500
09:37:44,10.49,S,100
09:37:44,10.49,S,1000
09:37:44,10.49,S,300
09:37:44,10.49,S,100
09:37:44,10.49,S,1000
09:37:44,10.49,S,4000
09:37:44,10.49,S,101
09:37:45,10.49,S,1499
09:37:45,10.49,S,501
09:37:45,10.5,B,500
09:37:45,10.5,B,400
09:37:45,10.49,S,2099
09:37:45,10.49,S,600
09:37:45,10.49,S,200
09:37:45,10.49,B,101
09:37:45,10.5,B,399
09:37:46,10.5,B,1500
09:37:46,10.5,B,4700
09:37:48,10.49,B,2000
09:37:48,10.49,B,300
09:37:49,10.49,B,500
09:37:50,10.49,B,2200
09:37:50,10.49,B,100
09:37:50,10.49,B,2700
09:37:50,10.49,B,800
09:37:50,10.49,B,100
09:37:50,10.49,B,800
09:37:50,10.49,B,1000
09:37:50,10.49,B,200
09:37:50,10.49,B,600
09:37:50,10.49,B,2600
09:37:50,10.48,S,100
09:37:51,10.49,B,300
09:37:51,10.49,B,1000
09:37:52,10.49,B,100
09:37:52,10.49,B,1000
09:37:54,10.49,B,1000
09:37:54,10.49,B,1000
09:37:54,10.49,B,700
09:37:54,10.49,B,500
09:37:54,10.49,B,100
09:37:55,10.5,B,500
09:37:55,10.5,B,5000
09:37:55,10.5,B,100
09:37:56,10.49,S,2000
09:37:56,10.5,B,3101
09:37:56,10.5,B,699
09:37:56,10.5,B,100
09:37:56,10.49,S,5700
09:37:56,10.49,S,300
09:37:57,10.5,B,200
09:37:57,10.5,B,501
09:37:57,10.5,B,2499
09:37:57,10.49,S,200
09:37:57,10.49,B,100
09:37:58,10.48,S,500
09:37:59,10.49,B,900
09:37:59,10.49,B,1800
09:38:00,10.49,B,200
09:38:00,10.49,B,100
09:38:00,10.49,B,500
09:38:02,10.48,S,800
09:38:02,10.48,S,200
09:38:02,10.49,B,2900
09:38:02,10.49,B,2000
09:38:02,10.5,B,2501
09:38:02,10.5,B,1000
09:38:02,10.5,B,1499
09:38:02,10.5,B,2000
09:38:02,10.49,B,1000
09:38:03,10.49,B,400
09:38:03,10.49,B,2700
09:38:03,10.49,B,200
09:38:04,10.49,B,100
09:38:04,10.48,S,100
09:38:04,10.49,B,100
09:38:05,10.49,B,2000
09:38:05,10.48,S,200
09:38:06,10.48,S,400
09:38:07,10.49,B,500
09:38:07,10.49,B,500
09:38:08,10.48,S,2100
09:38:08,10.48,S,1000
09:38:08,10.48,S,1000
09:38:08,10.48,S,2000
09:38:08,10.48,S,1000
09:38:08,10.48,S,100
09:38:08,10.48,S,500
09:38:08,10.48,S,900
09:38:08,10.48,S,1000
09:38:08,10.48,S,20000
09:38:08,10.48,S,5000
09:38:08,10.48,S,500
09:38:08,10.48,S,700
09:38:08,10.49,B,1000
09:38:08,10.48,S,100
09:38:08,10.49,B,10000
09:38:09,10.49,B,3500
09:38:09,10.49,B,4000
09:38:09,10.49,B,2000
09:38:09,10.49,B,400
09:38:10,10.5,B,2000
09:38:11,10.49,S,600
09:38:13,10.49,S,800
09:38:13,10.5,B,2000
09:38:13,10.5,B,2000
09:38:14,10.49,S,500
09:38:15,10.49,S,10000
09:38:16,10.49,S,3000
09:38:16,10.5,B,501
09:38:16,10.5,B,499
09:38:18,10.49,S,3700
09:38:18,10.49,S,500
09:38:18,10.49,S,500
09:38:18,10.49,S,1000
09:38:18,10.49,S,1000
09:38:18,10.49,S,800
09:38:18,10.5,B,500
09:38:18,10.49,S,200
09:38:18,10.49,S,600
09:38:18,10.5,B,1
09:38:18,10.5,B,3399
09:38:19,10.49,S,500
09:38:19,10.49,S,900
09:38:20,10.49,B,200
09:38:20,10.49,B,73
09:38:20,10.5,B,6601
09:38:20,10.5,B,300
09:38:20,10.5,B,400
09:38:20,10.5,B,526
09:38:21,10.49,B,1000
09:38:21,10.49,B,100
09:38:21,10.49,B,100
09:38:21,10.5,B,974
09:38:21,10.5,B,3000
09:38:21,10.5,B,626
09:38:22,10.5,B,374
09:38:22,10.5,B,26
09:38:22,10.49,S,1400
09:38:22,10.5,B,300
09:38:23,10.49,S,500
09:38:23,10.49,S,500
09:38:23,10.5,B,1000
09:38:23,10.5,B,1000
09:38:23,10.5,B,1000
09:38:24,10.5,B,10074
09:38:24,10.5,B,200
09:38:24,10.5,B,1000
09:38:24,10.5,B,1000
09:38:24,10.5,B,2000
09:38:24,10.5,B,2000
09:38:24,10.5,B,126
09:38:25,10.49,S,2800
09:38:26,10.5,B,100
09:38:26,10.49,S,500
09:38:26,10.49,S,1000
09:38:26,10.5,B,400
09:38:26,10.5,B,200
09:38:26,10.5,B,2000
09:38:28,10.49,S,500
09:38:28,10.49,S,5000
09:38:29,10.5,B,300
09:38:29,10.49,S,4000
09:38:29,10.5,B,200
09:38:30,10.49,S,2000
09:38:30,10.49,S,1000
09:38:31,10.49,S,2000
09:38:31,10.49,S,300
09:38:31,10.5,B,10874
09:38:31,10.5,B,1000
09:38:31,10.5,B,2000
09:38:31,10.5,B,1500
09:38:31,10.5,B,1300
09:38:31,10.5,B,2226
09:38:32,10.49,S,4000
09:38:32,10.49,S,1100
09:38:33,10.49,S,2400
09:38:33,10.49,S,1000
09:38:33,10.5,B,100
09:38:34,10.49,S,5000
09:38:34,10.5,B,500
09:38:35,10.49,S,100
09:38:37,10.5,B,2174
09:38:37,10.5,B,1000
09:38:37,10.5,B,1000
09:38:37,10.5,B,426
09:38:38,10.5,B,100
09:38:38,10.49,S,400
09:38:38,10.5,B,400
09:38:38,10.5,B,74
09:38:38,10.5,B,1000
09:38:38,10.5,B,1500
09:38:38,10.5,B,426
09:38:39,10.5,B,1100
09:38:40,10.49,S,16400
09:38:40,10.49,S,100
09:38:40,10.49,S,300
09:38:40,10.49,S,700
09:38:40,10.49,S,700
09:38:40,10.49,S,200
09:38:40,10.49,S,500
09:38:40,10.49,B,7000
09:38:41,10.48,S,5400
09:38:41,10.49,B,10000
09:38:41,10.49,B,100
09:38:42,10.49,B,1000
09:38:42,10.49,B,1400
09:38:43,10.49,B,2000
09:38:43,10.49,B,400
09:38:45,10.49,B,1900
09:38:45,10.49,B,100
09:38:45,10.49,B,500
09:38:46,10.48,S,2000
09:38:46,10.48,S,1000
09:38:46,10.49,B,100
09:38:48,10.49,B,6600
09:38:48,10.49,B,200
09:38:48,10.49,B,500
09:38:48,10.49,B,1000
09:38:48,10.49,B,2000
09:38:48,10.49,B,3000
09:38:48,10.49,B,800
09:38:48,10.49,B,200
09:38:48,10.49,B,5000
09:38:48,10.49,B,100
09:38:48,10.49,B,15600
09:38:48,10.49,B,400
09:38:48,10.5,B,500
09:38:49,10.5,B,500
09:38:50,10.49,S,14600
09:38:50,10.49,S,1000
09:38:50,10.49,B,34400
09:38:50,10.5,B,1000
09:38:50,10.48,S,100
09:38:51,10.49,B,800
09:38:51,10.49,B,2500
09:38:52,10.49,B,800
09:38:52,10.49,B,1000
09:38:52,10.49,B,1000
09:38:52,10.5,B,2200
09:38:53,10.49,S,3000
09:38:53,10.49,S,1000
09:38:53,10.5,B,2000
09:38:55,10.49,S,500
09:38:56,10.49,S,1200
09:38:56,10.49,S,1800
09:38:57,10.49,S,200
09:38:57,10.49,S,20000
09:38:59,10.49,B,1000
09:38:59,10.49,B,1700
09:39:00,10.48,S,5000
09:39:01,10.49,B,15600
09:39:03,10.49,B,1500
09:39:04,10.49,B,10000
09:39:05,10.49,B,500
09:39:05,10.48,S,200
09:39:05,10.49,B,100
09:39:06,10.49,B,500
09:39:06,10.49,B,400
09:39:08,10.49,B,500
09:39:08,10.49,B,200
09:39:09,10.49,B,6500
09:39:09,10.48,S,400
09:39:09,10.49,B,1000
09:39:09,10.49,B,2000
09:39:09,10.48,S,2000
09:39:13,10.49,B,2000
09:39:13,10.48,S,400
09:39:14,10.49,B,100
09:39:14,10.48,S,2400
09:39:15,10.49,B,8200
09:39:15,10.49,B,3000
09:39:16,10.48,S,3600
09:39:16,10.49,B,400
09:39:16,10.49,B,600
09:39:16,10.49,B,500
09:39:17,10.48,S,16700
09:39:17,10.48,S,200
09:39:17,10.48,S,500
09:39:17,10.48,S,1100
09:39:17,10.48,S,4500
09:39:17,10.48,S,1000
09:39:17,10.48,S,500
09:39:17,10.48,S,500
09:39:17,10.48,S,300
09:39:17,10.48,S,500
09:39:17,10.48,S,10000
09:39:17,10.48,S,124789
09:39:17,10.49,B,4300
09:39:17,10.49,B,100
09:39:17,10.49,B,1000
09:39:17,10.49,B,500
09:39:17,10.49,B,2000
09:39:17,10.49,B,1300
09:39:17,10.49,B,1800
09:39:18,10.49,B,400
09:39:18,10.49,B,1000
09:39:18,10.49,B,300
09:39:18,10.49,B,1500
09:39:18,10.49,B,500
09:39:21,10.49,B,300
09:39:23,10.49,B,5500
09:39:23,10.49,B,500
09:39:24,10.48,S,50000
09:39:24,10.49,B,3700
09:39:24,10.49,B,1000
09:39:25,10.49,B,500
09:39:25,10.49,B,8000
09:39:25,10.49,B,1800
09:39:25,10.49,B,200
09:39:25,10.49,B,100
09:39:25,10.49,B,5000
09:39:25,10.48,S,9600
09:39:26,10.48,S,500
09:39:26,10.49,B,1000
09:39:28,10.48,S,10100
09:39:28,10.48,S,1500
09:39:28,10.49,B,700
09:39:28,10.49,B,300
09:39:28,10.49,B,2000
09:39:28,10.49,B,300
09:39:29,10.48,S,9000
09:39:29,10.49,B,400
09:39:29,10.49,B,2800
09:39:29,10.49,B,1500
09:39:29,10.49,B,500
09:39:29,10.49,B,300
09:39:29,10.49,B,1100
09:39:30,10.49,B,100
09:39:30,10.48,S,1000
09:39:30,10.49,B,1000
09:39:31,10.49,B,10000
09:39:31,10.49,B,5000
09:39:32,10.49,B,1000
09:39:32,10.49,B,500
09:39:32,10.49,B,1000
09:39:32,10.49,B,7200
09:39:32,10.49,B,900
09:39:32,10.49,B,1000
09:39:32,10.49,B,1100
09:39:33,10.49,S,100
09:39:33,10.49,S,700
09:39:34,10.49,S,100
09:39:35,10.49,S,1100
09:39:38,10.49,S,3000
09:39:38,10.49,S,12800
09:39:38,10.49,S,100
09:39:38,10.49,S,1000
09:39:38,10.48,S,1600
09:39:39,10.48,S,4800
09:39:40,10.49,B,100
09:39:41,10.49,B,300
09:39:42,10.48,S,3000
09:39:42,10.48,S,200
09:39:42,10.48,S,1600
09:39:42,10.49,B,300
09:39:42,10.48,S,6500
09:39:43,10.49,B,5000
09:39:44,10.49,B,100
09:39:44,10.49,B,300
09:39:44,10.49,B,200
09:39:45,10.49,B,200
09:39:45,10.49,B,400
09:39:45,10.49,B,4300
09:39:45,10.49,B,1500
09:39:46,10.48,S,3000
09:39:47,10.49,B,400
09:39:47,10.49,B,1000
09:39:47,10.49,B,100
09:39:47,10.48,S,5000
09:39:48,10.49,B,2300
09:39:48,10.49,B,9000
09:39:48,10.5,B,1500
09:39:48,10.48,S,400
09:39:49,10.49,S,100
09:39:50,10.49,S,900
09:39:50,10.49,S,1400
09:39:51,10.49,S,100
09:39:51,10.49,S,2100
09:39:52,10.49,S,700
09:39:52,10.49,S,30000
09:39:53,10.49,S,500
09:39:53,10.49,S,500
09:39:54,10.49,S,1000
09:39:54,10.5,B,3500
09:39:54,10.5,B,5000
09:39:54,10.5,B,1000
09:39:54,10.5,B,100
09:39:55,10.49,S,4900
09:39:55,10.49,S,600
09:39:56,10.49,S,3000
09:39:56,10.49,S,2000
09:39:57,10.49,S,500
09:39:57,10.49,S,1000
09:39:58,10.5,B,900
09:39:58,10.5,B,11600
09:39:58,10.5,B,600
09:39:58,10.5,B,300
09:39:58,10.5,B,2000
09:39:58,10.5,B,13700
09:39:58,10.5,B,400
09:39:58,10.5,B,200
09:39:58,10.5,B,100
09:39:58,10.5,B,2800
09:39:58,10.5,B,1000
09:39:58,10.5,B,800
09:39:58,10.5,B,300
09:39:58,10.5,B,500
09:39:58,10.5,B,2000
09:39:58,10.5,B,300
09:39:58,10.5,B,800
09:39:58,10.5,B,5000
09:39:59,10.5,S,1900
09:40:00,10.5,S,100
09:40:00,10.49,S,1700
09:40:00,10.49,S,500
09:40:00,10.49,S,700
09:40:01,10.49,S,100
09:40:02,10.49,S,200
09:40:02,10.49,S,100
09:40:02,10.49,S,100
09:40:02,10.49,S,200
09:40:02,10.49,S,400
09:40:03,10.49,S,200
09:40:03,10.49,S,800
09:40:05,10.49,S,800
09:40:05,10.49,S,200
09:40:05,10.49,B,200
09:40:06,10.48,S,200
09:40:06,10.49,B,300
09:40:06,10.49,B,500
09:40:06,10.5,B,200
09:40:06,10.5,B,1100
09:40:06,10.5,B,200
09:40:07,10.5,S,700
09:40:07,10.5,S,500
09:40:08,10.49,B,300
09:40:12,10.49,B,300
09:40:14,10.49,B,300
09:40:14,10.49,B,300
09:40:14,10.49,B,100
09:40:14,10.49,B,200
09:40:15,10.49,B,2000
09:40:15,10.49,B,300
09:40:15,10.48,S,1600
09:40:15,10.49,B,300
09:40:16,10.49,B,2000
09:40:16,10.49,B,1000
09:40:16,10.49,B,100
09:40:17,10.49,B,400
09:40:18,10.49,B,2000
09:40:19,10.49,B,1000
09:40:21,10.49,B,2000
09:40:23,10.48,S,2000
09:40:25,10.49,B,1600
09:40:26,10.48,S,2000
09:40:26,10.49,B,12374
09:40:26,10.49,B,3000
09:40:26,10.49,B,3000
09:40:26,10.49,B,1000
09:40:26,10.49,B,5000
09:40:26,10.49,B,2800
09:40:26,10.49,B,2000
09:40:26,10.49,B,2200
09:40:26,10.49,B,800
09:40:26,10.49,B,1000
09:40:26,10.49,B,500
09:40:26,10.49,B,300
09:40:26,10.49,B,500
09:40:26,10.49,S,900
09:40:26,10.49,S,2000
09:40:26,10.49,S,326
09:40:27,10.49,B,500
09:40:28,10.49,B,1000
09:40:28,10.49,B,1500
09:40:28,10.48,S,1000
09:40:28,10.48,S,2000
09:40:28,10.48,S,1900
09:40:29,10.49,B,300
09:40:30,10.48,S,2000
09:40:30,10.49,B,300
09:40:31,10.49,B,2000
09:40:31,10.48,S,100
09:40:31,10.49,B,800
09:40:31,10.49,B,1400
09:40:32,10.49,B,1174
09:40:32,10.49,B,226
09:40:33,10.49,B,100
09:40:34,10.49,B,200
09:40:34,10.49,B,200
09:40:34,10.49,B,4274
09:40:34,10.49,B,1000
09:40:34,10.49,B,726
09:40:34,10.49,B,100
09:40:35,10.49,B,374
09:40:35,10.49,B,200
09:40:35,10.49,B,100
09:40:36,10.49,S,1800
09:40:36,10.49,S,400
09:40:36,10.49,S,126
09:40:36,10.49,S,1000
09:40:36,10.48,S,75511
09:40:36,10.48,S,100
09:40:36,10.48,S,100
09:40:36,10.48,S,1000
09:40:36,10.48,S,1400
09:40:36,10.48,S,1000
09:40:36,10.48,S,1500
09:40:36,10.48,S,400
09:40:36,10.48,S,200
09:40:36,10.48,S,2000
09:40:36,10.48,S,3000
09:40:36,10.48,S,100
09:40:36,10.48,S,1000
09:40:36,10.48,S,300
09:40:36,10.48,S,989
09:40:36,10.48,S,300
09:40:36,10.48,S,111
09:40:36,10.48,S,10000
09:40:36,10.48,S,400
09:40:36,10.48,S,100
09:40:36,10.48,S,900
09:40:36,10.48,S,1489
09:40:37,10.48,S,1000
09:40:38,10.5,B,1000
09:40:40,10.49,S,500
09:40:40,10.48,S,500
09:40:41,10.49,B,500
09:40:41,10.5,B,500
09:40:41,10.49,S,400
09:40:41,10.48,S,11
09:40:41,10.48,S,1189
09:40:41,10.49,S,100
09:40:42,10.49,B,400
09:40:43,10.49,S,500
09:40:43,10.5,B,500
09:40:44,10.49,S,800
09:40:44,10.49,S,2700
09:40:45,10.49,S,100
09:40:45,10.49,S,4600
09:40:45,10.49,S,1000
09:40:45,10.49,S,2000
09:40:45,10.49,S,200
09:40:45,10.49,S,1000
09:40:45,10.48,S,811
09:40:45,10.48,S,1000
09:40:45,10.48,S,500
09:40:45,10.48,S,1000
09:40:45,10.48,S,600
09:40:45,10.48,S,2000
09:40:45,10.48,S,500
09:40:45,10.48,S,400
09:40:45,10.48,S,1000
09:40:45,10.48,S,500
09:40:46,10.48,B,1000
09:40:47,10.48,B,900
09:40:48,10.48,B,20000
09:40:48,10.48,B,16400
09:40:49,10.48,B,2000
09:40:49,10.48,B,23589
09:40:49,10.48,B,2400
09:40:49,10.48,B,200
09:40:49,10.49,B,3000
09:40:49,10.49,B,1000
09:40:49,10.49,B,100
09:40:50,10.49,S,100
09:40:50,10.5,B,7000
09:40:50,10.5,B,1200
09:40:50,10.5,B,2200
09:40:50,10.5,B,1000
09:40:50,10.5,B,1000
09:40:50,10.5,B,10000
09:40:50,10.5,B,100
09:40:50,10.5,B,3000
09:40:50,10.51,B,500
09:40:50,10.51,B,2000
09:40:50,10.51,B,12200
09:40:50,10.51,B,4100
09:40:53,10.49,S,1000
09:40:54,10.5,B,200
09:40:55,10.49,S,100
09:40:55,10.5,B,300
09:40:55,10.49,S,200
09:40:55,10.49,S,1000
09:40:56,10.49,S,400
09:40:58,10.49,S,800
09:41:00,10.49,S,5000
09:41:05,10.5,B,100
09:41:05,10.49,S,1000
09:41:06,10.5,B,200
09:41:07,10.5,B,100
09:41:07,10.49,S,2300
09:41:07,10.5,B,300
09:41:07,10.5,B,700
09:41:08,10.49,S,700
09:41:08,10.49,S,4800
09:41:09,10.5,B,300
09:41:09,10.49,S,200
09:41:10,10.49,S,2111
09:41:10,10.49,S,100
09:41:10,10.49,S,100
09:41:10,10.49,S,200
09:41:10,10.49,S,989
09:41:11,10.5,B,500
09:41:12,10.5,B,7500
09:41:12,10.5,B,1300
09:41:12,10.5,B,2000
09:41:12,10.5,B,34000
09:41:12,10.49,S,500
09:41:13,10.49,S,200
09:41:13,10.5,B,1000
09:41:14,10.5,B,5800
09:41:15,10.49,S,500
09:41:15,10.49,S,1000
09:41:15,10.5,B,12300
09:41:15,10.5,B,2000
09:41:15,10.5,B,200
09:41:17,10.49,S,811
09:41:17,10.49,S,1000
09:41:17,10.49,S,3189
09:41:18,10.5,B,600
09:41:18,10.49,S,100
09:41:18,10.49,S,84711
09:41:18,10.49,S,2000
09:41:18,10.49,S,200
09:41:18,10.48,S,700
09:41:18,10.48,S,500
09:41:18,10.48,S,2000
09:41:18,10.48,S,1000
09:41:18,10.48,S,200
09:41:18,10.48,S,2000
09:41:19,10.48,B,5000
09:41:20,10.48,B,300
09:41:20,10.48,B,1600
09:41:21,10.48,B,200
09:41:22,10.48,B,200
09:41:22,10.48,B,300
09:41:23,10.48,B,1000
09:41:23,10.48,B,100
09:41:25,10.47,S,2977
09:41:26,10.48,B,2000
09:41:28,10.48,B,20000
09:41:28,10.48,B,10000
09:41:29,10.48,B,700
09:41:29,10.48,B,1000
09:41:29,10.48,B,12489
09:41:29,10.49,B,500
09:41:29,10.49,B,500
09:41:31,10.49,B,400
09:41:31,10.48,B,200
09:41:31,10.49,B,1500
09:41:31,10.49,B,500
09:41:32,10.49,B,500
09:41:32,10.49,B,500
09:41:32,10.49,B,1000
09:41:32,10.5,B,9200
09:41:32,10.5,B,1000
09:41:32,10.5,B,6000
09:41:32,10.5,B,500
09:41:32,10.5,B,500
09:41:32,10.5,B,800
09:41:32,10.48,S,100
09:41:32,10.47,S,264
09:41:32,10.47,S,1636
09:41:34,10.49,S,100
09:41:34,10.5,B,100
09:41:36,10.49,S,500
09:41:36,10.49,S,300
09:41:36,10.49,S,1400
09:41:36,10.49,S,300
09:41:38,10.48,S,100
09:41:41,10.48,S,1200
09:41:41,10.48,S,100
09:41:41,10.48,S,200
09:41:41,10.48,S,500
09:41:42,10.48,S,100
09:41:43,10.49,B,1000
09:41:45,10.48,S,3000
09:41:48,10.49,B,500
09:41:49,10.49,B,96000
09:41:49,10.49,B,100
09:41:49,10.49,B,1000
09:41:49,10.49,B,100
09:41:49,10.49,B,400
09:41:50,10.49,B,100
09:41:50,10.49,S,200
09:41:50,10.49,S,100
09:41:53,10.5,B,3300
09:41:57,10.5,B,400
09:41:57,10.5,B,2700
09:41:57,10.5,B,200
09:41:57,10.5,B,2700
09:41:57,10.49,S,4000
09:41:57,10.49,S,500
09:41:58,10.49,S,2700
09:41:58,10.49,S,300
09:41:58,10.49,S,800
09:41:58,10.48,S,2400
09:41:59,10.48,S,1000
09:42:00,10.48,S,4000
09:42:00,10.48,S,95000
09:42:00,10.48,S,1000
09:42:00,10.5,B,1300
09:42:00,10.5,B,900
09:42:00,10.5,B,4800
09:42:00,10.5,B,100
09:42:00,10.5,B,5000
09:42:00,10.5,B,100
09:42:01,10.49,S,1800
09:42:04,10.49,S,1700
09:42:04,10.49,S,300
09:42:05,10.49,S,200
09:42:05,10.49,S,500
09:42:05,10.49,S,500
09:42:05,10.49,S,3200
09:42:05,10.49,S,600
09:42:05,10.49,S,300
09:42:05,10.5,B,200
09:42:09,10.5,B,2000
09:42:09,10.5,B,1700
09:42:09,10.5,B,1300
09:42:09,10.49,S,200
09:42:09,10.49,S,1800
09:42:09,10.5,B,200
09:42:09,10.5,B,500
09:42:09,10.5,B,900
09:42:10,10.49,S,100
09:42:10,10.49,S,4700
09:42:11,10.49,S,100
09:42:11,10.49,S,400
09:42:11,10.49,S,1500
09:42:11,10.48,S,300
09:42:11,10.48,S,600
09:42:11,10.48,S,1900
09:42:12,10.5,B,200
09:42:13,10.49,S,500
09:42:13,10.49,B,300
09:42:13,10.49,S,600
09:42:15,10.5,B,100
09:42:16,10.5,B,400
09:42:16,10.5,B,900
09:42:16,10.5,B,3100
09:42:16,10.49,S,300
09:42:16,10.49,S,1400
09:42:16,10.48,S,2300
09:42:16,10.48,S,2500
09:42:17,10.49,B,100
09:42:17,10.49,B,200
09:42:18,10.49,B,800
09:42:18,10.5,B,1200
09:42:18,10.5,B,100
09:42:18,10.5,B,300
09:42:18,10.5,B,800
09:42:20,10.49,S,1300
09:42:21,10.49,B,100
09:42:21,10.5,B,1800
09:42:21,10.5,B,200
09:42:22,10.5,B,200
09:42:22,10.5,B,1000
09:42:22,10.49,S,200
09:42:23,10.5,B,200
09:42:23,10.49,S,100
09:42:24,10.5,B,800
09:42:24,10.5,B,1200
09:42:25,10.49,S,1500
09:42:25,10.5,B,1200
09:42:25,10.5,B,3800
09:42:25,10.49,S,300
09:42:25,10.5,B,1000
09:42:26,10.5,B,500
09:42:26,10.49,S,1400
09:42:27,10.5,B,1800
09:42:28,10.5,B,200
09:42:28,10.5,B,2700
09:42:28,10.5,B,500
09:42:28,10.5,B,1800
09:42:30,10.49,S,1500
09:42:30,10.49,S,500
09:42:30,10.5,B,1100
09:42:30,10.5,B,500
09:42:30,10.5,B,2000
09:42:31,10.5,B,300
09:42:31,10.49,S,600
09:42:31,10.5,B,2000
09:42:31,10.5,B,500
09:42:31,10.5,B,500
09:42:32,10.5,B,1000
09:42:33,10.5,B,200
09:42:33,10.5,B,500
09:42:33,10.5,B,300
09:42:33,10.5,B,300
09:42:34,10.49,S,2900
09:42:34,10.49,S,2000
09:42:34,10.49,S,1400
09:42:34,10.49,S,2000
09:42:34,10.49,S,700
09:42:34,10.48,S,4400
09:42:34,10.48,S,10000
09:42:34,10.48,S,200
09:42:34,10.48,S,500
09:42:34,10.48,S,1100
09:42:34,10.48,S,500
09:42:34,10.48,S,700
09:42:34,10.48,S,1000
09:42:34,10.48,S,1000
09:42:34,10.48,S,200
09:42:34,10.48,S,5000
09:42:34,10.48,S,3000
09:42:34,10.48,S,100
09:42:34,10.48,S,300
09:42:34,10.48,S,400
09:42:34,10.48,S,5000
09:42:34,10.48,B,1000
09:42:35,10.48,B,1000
09:42:35,10.47,S,700
09:42:36,10.48,B,4900
09:42:37,10.48,B,500
09:42:37,10.48,B,1000
09:42:38,10.48,B,4000
09:42:39,10.48,B,5000
09:42:39,10.48,B,100
09:42:40,10.48,B,700
09:42:41,10.48,B,2000
09:42:41,10.47,S,664
09:42:41,10.47,S,2000
09:42:41,10.47,S,500
09:42:41,10.47,S,1636
09:42:41,10.48,B,2000
09:42:43,10.48,B,400
09:42:43,10.47,S,364
09:42:43,10.47,S,100
09:42:43,10.47,S,236
09:42:43,10.48,B,500
09:42:44,10.48,B,500
09:42:45,10.48,B,34000
09:42:45,10.48,B,1300
09:42:45,10.48,B,1500
09:42:45,10.48,B,2300
09:42:45,10.48,B,900
09:42:45,10.49,B,100
09:42:45,10.49,B,1000
09:42:45,10.49,B,6400
09:42:45,10.49,B,1000
09:42:47,10.49,S,500
09:42:49,10.5,B,700
09:42:49,10.5,B,700
09:42:49,10.5,B,1000
09:42:49,10.5,B,500
09:42:49,10.5,B,1200
09:42:49,10.5,B,3800
09:42:49,10.5,B,3100
09:42:49,10.5,B,1000
09:42:50,10.5,S,800
09:42:50,10.5,S,100
09:42:51,10.5,S,100
09:42:52,10.5,S,2000
09:42:54,10.51,B,15900
09:42:54,10.51,B,1600
09:42:54,10.51,B,2000
09:42:54,10.51,B,200
09:42:54,10.51,B,1500
09:42:54,10.51,B,2000
09:42:54,10.51,B,2200
09:42:54,10.51,B,2800
09:42:54,10.51,B,200
09:42:56,10.5,S,200
09:42:56,10.5,S,1000
09:42:57,10.5,S,100
09:42:57,10.5,S,5500
09:42:57,10.5,S,1000
09:42:58,10.5,S,1000
09:42:59,10.51,B,4400
09:42:59,10.5,S,600
09:43:00,10.5,S,1000
09:43:00,10.5,S,500
09:43:02,10.51,B,16500
09:43:03,10.5,S,200
09:43:04,10.5,S,60000
09:43:04,10.51,B,2200
09:43:04,10.5,S,2000
09:43:04,10.51,B,300
09:43:05,10.51,B,5000
09:43:05,10.5,S,11900
09:43:05,10.5,S,6600
09:43:05,10.5,S,34300
09:43:05,10.5,S,200
09:43:05,10.5,S,1500
09:43:05,10.5,S,1000
09:43:05,10.5,S,8000
09:43:05,10.5,S,5000
09:43:05,10.5,S,300
09:43:05,10.5,S,4700
09:43:06,10.5,S,500
09:43:06,10.5,S,22600
09:43:07,10.5,S,1000
09:43:07,10.5,S,3200
09:43:07,10.5,S,900
09:43:07,10.49,S,1000
09:43:07,10.49,S,1000
09:43:07,10.49,S,900
09:43:07,10.49,S,200
09:43:07,10.49,S,500
09:43:07,10.48,S,1800
09:43:07,10.48,S,59500
09:43:07,10.48,S,3500
09:43:07,10.48,S,500
09:43:07,10.48,S,3300
09:43:07,10.48,S,500
09:43:07,10.48,S,1500
09:43:07,10.48,S,700
09:43:07,10.48,S,7400
09:43:07,10.48,S,5000
09:43:07,10.48,S,2000
09:43:07,10.48,B,200
09:43:09,10.48,B,6400
09:43:09,10.5,B,100
09:43:10,10.5,S,200
09:43:10,10.49,B,100
09:43:10,10.48,S,300
09:43:10,10.47,S,1764
09:43:10,10.47,S,500
09:43:10,10.47,S,500
09:43:10,10.47,S,1000
09:43:10,10.47,S,700
09:43:10,10.47,S,300
09:43:10,10.47,S,1000
09:43:10,10.47,S,500
09:43:10,10.47,S,4000
09:43:10,10.47,S,500
09:43:10,10.47,S,500
09:43:10,10.47,S,900
09:43:10,10.47,S,1000
09:43:10,10.47,S,2385
09:43:14,10.49,B,400
09:43:15,10.49,B,100
09:43:15,10.49,B,500
09:43:15,10.47,S,1600
09:43:16,10.49,B,500
09:43:19,10.49,B,1000
09:43:19,10.49,B,2000
09:43:20,10.49,B,3000
09:43:20,10.49,B,6200
09:43:20,10.49,B,300
09:43:20,10.5,B,8700
09:43:20,10.5,B,900
09:43:21,10.5,B,9700
09:43:22,10.5,B,5000
09:43:22,10.5,B,300
09:43:23,10.48,S,1100
09:43:25,10.49,B,600
09:43:25,10.5,B,1900
09:43:25,10.5,B,5000
09:43:26,10.48,S,2000
09:43:26,10.48,S,3200
09:43:26,10.5,B,1000
09:43:27,10.5,B,2000
09:43:27,10.5,B,500
09:43:27,10.5,B,500
09:43:28,10.5,B,45700
09:43:29,10.5,B,500
09:43:30,10.49,S,200
09:43:31,10.49,B,3300
09:43:33,10.49,B,1500
09:43:33,10.5,B,18500
09:43:34,10.49,S,200
09:43:34,10.49,B,800
09:43:34,10.49,B,2000
09:43:34,10.49,B,100
09:43:34,10.49,B,1900
09:43:35,10.49,S,100
09:43:35,10.49,B,100
09:43:36,10.49,B,29800
09:43:39,10.5,B,400
09:43:40,10.49,S,600
09:43:41,10.5,B,600
09:43:42,10.49,S,1000
09:43:43,10.5,B,300
09:43:44,10.49,S,2100
09:43:44,10.49,S,500
09:43:44,10.49,S,100
09:43:44,10.49,S,800
09:43:44,10.49,S,2500
09:43:47,10.49,S,1500
09:43:48,10.49,S,800
09:43:48,10.5,B,2200
09:43:48,10.5,B,4400
09:43:48,10.49,S,400
09:43:49,10.5,B,600
09:43:49,10.5,B,500
09:43:49,10.5,B,2000
09:43:49,10.5,B,600
09:43:49,10.5,B,1000
09:43:49,10.5,B,1300
09:43:50,10.49,S,600
09:43:50,10.49,S,4000
09:43:50,10.49,S,400
09:43:50,10.49,S,300
09:43:51,10.49,S,100
09:43:51,10.5,B,500
09:43:52,10.49,S,1400
09:43:52,10.5,B,100
09:43:52,10.49,S,10000
09:43:53,10.49,S,700
09:43:53,10.49,S,400
09:43:53,10.49,S,6700
09:43:53,10.49,S,300
09:43:53,10.49,S,200
09:43:53,10.49,S,2000
09:43:53,10.49,S,2000
09:43:53,10.48,S,12800
09:43:54,10.5,B,100
09:43:55,10.49,S,700
09:43:55,10.5,B,300
09:43:55,10.49,S,1600
09:43:56,10.49,S,200
09:43:56,10.49,S,100
09:43:59,10.5,B,1100
09:44:00,10.5,B,2000
09:44:00,10.49,S,2000
09:44:00,10.49,S,400
09:44:00,10.49,S,1000
09:44:00,10.49,S,200
09:44:02,10.5,B,700
09:44:03,10.49,S,1800
09:44:03,10.49,S,2600
09:44:03,10.49,S,2000
09:44:03,10.49,S,15000
09:44:03,10.49,S,1000
09:44:03,10.49,B,700
09:44:03,10.49,B,100
09:44:04,10.48,S,200
09:44:04,10.49,B,400
09:44:06,10.49,B,5000
09:44:06,10.49,B,100
09:44:07,10.48,S,12000
09:44:08,10.49,B,4000
09:44:08,10.49,B,2000
09:44:09,10.49,B,1000
09:44:09,10.48,S,500
09:44:12,10.48,S,4800
09:44:12,10.49,B,100
09:44:13,10.49,B,200
09:44:13,10.49,B,400
09:44:13,10.49,B,400
09:44:13,10.49,B,600
09:44:13,10.49,B,11700
09:44:14,10.49,B,200
09:44:14,10.49,B,4000
09:44:15,10.48,S,1600
09:44:15,10.48,S,1600
09:44:15,10.48,S,200
09:44:15,10.48,S,100
09:44:15,10.48,S,4700
09:44:18,10.49,B,300
09:44:19,10.48,S,300
09:44:19,10.48,S,700
09:44:21,10.49,B,3000
09:44:21,10.49,B,100
09:44:22,10.49,B,5100
09:44:23,10.49,B,1000
09:44:24,10.48,S,300
09:44:24,10.48,S,200
09:44:24,10.48,S,300
09:44:24,10.48,S,500
09:44:24,10.48,S,300
09:44:25,10.49,B,700
09:44:26,10.48,S,1400
09:44:26,10.48,S,500
09:44:26,10.48,S,100
09:44:26,10.48,S,500
09:44:26,10.48,S,700
09:44:26,10.49,B,3900
09:44:26,10.49,B,2000
09:44:26,10.49,B,3600
09:44:26,10.48,S,4800
09:44:27,10.49,B,6400
09:44:27,10.49,B,8600
09:44:27,10.49,B,200
09:44:27,10.49,B,4800
09:44:28,10.49,B,600
09:44:28,10.49,B,200
09:44:28,10.49,B,300
09:44:28,10.49,B,200
09:44:28,10.49,B,1200
09:44:28,10.49,B,1700
09:44:28,10.49,B,500
09:44:28,10.49,B,1000
09:44:28,10.49,B,600
09:44:28,10.49,B,600
09:44:28,10.49,B,1500
09:44:28,10.49,B,2000
09:44:28,10.49,B,1300
09:44:29,10.49,B,400
09:44:29,10.48,S,2000
09:44:31,10.49,B,1000
09:44:32,10.49,B,1400
09:44:32,10.49,B,300
09:44:32,10.49,B,400
09:44:32,10.49,B,1100
09:44:33,10.49,S,3200
09:44:33,10.49,S,3200
09:44:33,10.49,S,100
09:44:34,10.49,S,1000
09:44:34,10.49,S,700
09:44:34,10.48,S,2500
09:44:35,10.49,S,1600
09:44:39,10.49,S,400
09:44:39,10.49,S,2000
09:44:39,10.49,S,900
09:44:39,10.49,S,3100
09:44:40,10.49,B,500
09:44:42,10.48,S,500
09:44:42,10.48,S,200
09:44:42,10.48,S,700
09:44:42,10.48,S,1000
09:44:42,10.48,S,100
09:44:43,10.49,B,200
09:44:45,10.48,S,2000
09:44:45,10.48,S,500
09:44:46,10.49,B,500
09:44:46,10.49,B,1500
09:44:47,10.48,S,1300
09:44:47,10.48,S,3100
09:44:47,10.48,S,5000
09:44:47,10.48,S,500
09:44:47,10.48,S,1400
09:44:47,10.48,S,1800
09:44:48,10.48,S,1200
09:44:49,10.48,S,18
09:44:49,10.49,B,200
09:44:49,10.49,B,1700
09:44:50,10.48,S,100
09:44:52,10.48,S,1000
09:44:52,10.49,B,600
09:44:52,10.49,B,1600
09:44:52,10.49,B,500
09:44:53,10.48,S,34982
09:44:53,10.48,S,1000
09:44:53,10.48,S,400
09:44:53,10.48,S,1000
09:44:53,10.48,S,800
09:44:53,10.48,S,500
09:44:53,10.48,S,3600
09:44:53,10.48,S,1000
09:44:53,10.48,S,1000
09:44:53,10.48,S,2000
09:44:53,10.48,S,3000
09:44:53,10.48,S,1000
09:44:53,10.48,S,1500
09:44:53,10.48,S,48218
09:44:54,10.49,B,600
09:44:54,10.49,B,2400
09:44:54,10.49,B,2600
09:44:54,10.49,B,400
09:44:54,10.49,S,5800
09:44:55,10.49,S,200
09:44:55,10.49,S,500
09:44:57,10.49,S,500
09:44:57,10.49,S,500
09:44:58,10.49,S,500
09:44:58,10.49,S,1300
09:44:58,10.49,S,700
09:44:58,10.49,S,2900
09:44:58,10.49,S,400
09:44:58,10.49,S,1400
09:44:58,10.49,S,1500
09:44:58,10.49,S,100
09:44:58,10.48,S,1782
09:44:58,10.48,S,2200
09:44:58,10.48,S,4000
09:44:58,10.48,S,2000
09:44:58,10.48,S,100
09:44:58,10.48,S,4918
09:45:01,10.48,S,5082
09:45:03,10.48,B,1600
09:45:03,10.48,B,200
09:45:03,10.48,B,500
09:45:04,10.48,B,618
09:45:04,10.48,B,182
09:45:04,10.48,B,318
09:45:04,10.49,B,14682
09:45:06,10.48,S,200
09:45:10,10.48,S,100
09:45:12,10.48,S,100
09:45:12,10.48,S,1300
09:45:12,10.48,S,600
09:45:12,10.49,B,100
09:45:12,10.48,S,400
09:45:12,10.48,S,300
09:45:12,10.48,S,2000
09:45:12,10.48,S,900
09:45:12,10.47,S,815
09:45:12,10.47,S,200
09:45:12,10.47,S,2000
09:45:12,10.47,S,100
09:45:12,10.47,S,1000
09:45:12,10.47,S,5000
09:45:12,10.47,S,1000
09:45:12,10.47,S,2000
09:45:12,10.47,S,2000
09:45:12,10.47,S,2000
09:45:12,10.47,S,1400
09:45:12,10.47,S,7785
09:45:13,10.48,S,500
09:45:14,10.48,S,600
09:45:14,10.48,S,1000
09:45:14,10.47,S,400
09:45:14,10.49,B,1000
09:45:14,10.49,B,6200
09:45:15,10.49,B,2000
09:45:15,10.49,B,2000
09:45:17,10.49,B,500
09:45:18,10.48,S,100
09:45:19,10.48,S,300
09:45:19,10.49,B,1000
09:45:20,10.49,B,100
09:45:22,10.48,S,500
09:45:22,10.48,S,200
09:45:22,10.48,S,800
09:45:22,10.48,S,1100
09:45:22,10.48,S,100
09:45:22,10.49,B,5000
09:45:23,10.49,B,800
09:45:23,10.49,B,100
09:45:23,10.49,B,200
09:45:24,10.48,S,300
09:45:24,10.48,S,300
09:45:26,10.48,B,100
09:45:27,10.48,B,900
09:45:27,10.48,B,500
09:45:27,10.49,B,600
09:45:28,10.48,S,1000
09:45:28,10.47,S,1815
09:45:28,10.47,S,1500
09:45:28,10.47,S,485
09:45:29,10.49,B,300
09:45:31,10.48,S,1000
09:45:31,10.49,B,500
09:45:32,10.48,S,600
09:45:34,10.49,B,1000
09:45:36,10.48,S,1600
09:45:36,10.49,B,3418
09:45:36,10.49,B,1500
09:45:36,10.49,B,1082
09:45:36,10.49,B,918
09:45:36,10.49,B,10000
09:45:36,10.49,B,2000
09:45:36,10.49,B,2000
09:45:36,10.49,B,2000
09:45:36,10.49,B,200
09:45:36,10.49,B,1000
09:45:36,10.49,B,1000
09:45:36,10.49,B,20000
09:45:36,10.49,B,300
09:45:36,10.49,B,1100
09:45:36,10.49,B,2000
09:45:36,10.49,B,1000
09:45:36,10.49,B,3000
09:45:36,10.49,B,200
09:45:36,10.49,B,4000
09:45:36,10.49,B,1600
09:45:36,10.49,B,1100
09:45:36,10.5,B,36582
09:45:37,10.49,B,400
09:45:37,10.49,B,600
09:45:40,10.48,S,1800
09:45:40,10.48,S,700
09:45:40,10.48,S,300
09:45:40,10.48,S,200
09:45:40,10.48,S,1000
09:45:40,10.49,B,2000
09:45:40,10.49,B,100
09:45:43,10.49,B,500
09:45:43,10.49,B,100
09:45:43,10.49,B,500
09:45:45,10.49,B,1700
09:45:45,10.49,B,300
09:45:45,10.49,B,300
09:45:45,10.49,B,700
09:45:46,10.49,B,1500
09:45:47,10.48,S,100
09:45:51,10.48,S,100
09:45:52,10.49,B,800
09:45:52,10.49,B,100
09:45:52,10.49,B,29100
09:45:53,10.48,S,5000
09:45:54,10.49,B,15000
09:45:55,10.48,S,10000
09:45:56,10.49,B,5900
09:45:56,10.49,B,2000
09:45:56,10.49,B,600
09:45:56,10.49,B,900
09:45:56,10.49,B,2700
09:45:56,10.49,B,2000
09:45:58,10.49,S,100
09:45:59,10.5,B,200
09:45:59,10.49,S,600
09:46:00,10.49,S,3200
09:46:01,10.49,S,1600
09:46:02,10.49,S,100
09:46:02,10.49,S,500
09:46:03,10.49,S,2000
09:46:05,10.49,S,1000
09:46:05,10.49,S,300
09:46:05,10.49,S,2000
09:46:06,10.49,S,1200
09:46:09,10.49,S,200
09:46:09,10.49,S,2000
09:46:14,10.5,B,52818
09:46:14,10.5,B,1000
09:46:14,10.5,B,200
09:46:14,10.5,B,5000
09:46:14,10.5,B,3000
09:46:14,10.5,B,3000
09:46:14,10.5,B,300
09:46:14,10.5,B,7500
09:46:14,10.5,B,400
09:46:14,10.5,B,300
09:46:14,10.5,B,3000
09:46:14,10.5,B,3000
09:46:14,10.5,B,300
09:46:14,10.5,B,500
09:46:14,10.5,B,200
09:46:14,10.5,B,1500
09:46:14,10.5,B,800
09:46:14,10.5,B,1000
09:46:14,10.5,B,400
09:46:14,10.5,B,1000
09:46:14,10.5,B,100
09:46:14,10.5,B,1000
09:46:14,10.5,B,13682
09:46:19,10.5,B,8000
09:46:19,10.49,S,1100
09:46:19,10.49,S,500
09:46:19,10.5,B,13019
09:46:19,10.5,B,900
09:46:19,10.5,B,1000
09:46:19,10.5,B,5000
09:46:19,10.5,B,200
09:46:19,10.51,B,400
09:46:19,10.51,B,500
09:46:19,10.51,B,2000
09:46:19,10.51,B,2000
09:46:19,10.51,B,600
09:46:19,10.51,B,500
09:46:19,10.51,B,100
09:46:19,10.51,B,2000
09:46:19,10.51,B,2000
09:46:19,10.51,B,200
09:46:19,10.51,B,1100
09:46:19,10.51,B,500
09:46:19,10.51,B,500
09:46:19,10.51,B,1000
09:46:19,10.51,B,1000
09:46:19,10.51,B,300
09:46:19,10.51,B,2000
09:46:19,10.51,B,100
09:46:19,10.51,B,500
09:46:20,10.51,S,1600
09:46:21,10.51,S,800
09:46:25,10.51,S,500
09:46:27,10.51,S,9681
09:46:27,10.51,S,1000
09:46:27,10.5,S,900
09:46:27,10.5,S,2000
09:46:27,10.5,S,100
09:46:27,10.5,S,300
09:46:27,10.5,S,500
09:46:27,10.5,B,19
09:46:28,10.5,S,81
09:46:28,10.49,S,200
09:46:28,10.49,S,4019
09:46:29,10.49,S,681
09:46:29,10.49,S,100
09:46:29,10.49,S,819
09:46:29,10.5,B,1600
09:46:30,10.5,S,400
09:46:30,10.49,S,700
09:46:30,10.49,S,2600
09:46:31,10.52,B,200
09:46:31,10.52,B,800
09:46:31,10.49,S,3200
09:46:31,10.49,S,100
09:46:32,10.5,S,300
09:46:33,10.51,S,3200
09:46:33,10.51,S,3500
09:46:34,10.51,S,1100
09:46:35,10.52,B,200
09:46:35,10.52,B,500
09:46:35,10.52,B,3000
09:46:35,10.52,B,1500
09:46:35,10.52,B,500
09:46:35,10.52,B,400
09:46:35,10.52,B,700
09:46:35,10.52,B,1000
09:46:35,10.52,B,500
09:46:35,10.52,B,300
09:46:35,10.52,B,700
09:46:35,10.52,B,400
09:46:35,10.52,B,300
09:46:36,10.51,S,1600
09:46:37,10.51,S,1000
09:46:38,10.51,S,3200
09:46:39,10.51,S,1600
09:46:40,10.51,S,1600
09:46:41,10.51,S,23200
09:46:41,10.5,S,1800
09:46:42,10.52,B,700
09:46:42,10.52,B,200
09:46:42,10.52,B,200
09:46:42,10.52,B,700
09:46:42,10.52,B,200
09:46:43,10.5,S,100
09:46:44,10.5,S,7800
09:46:44,10.5,S,500
09:46:44,10.5,S,11500
09:46:44,10.5,S,2000
09:46:44,10.5,S,11500
09:46:44,10.5,S,1000
09:46:44,10.5,S,300
09:46:44,10.5,S,5000
09:46:44,10.5,S,900
09:46:44,10.5,S,5000
09:46:44,10.5,S,300
09:46:45,10.5,B,200
09:46:45,10.5,B,500
09:46:46,10.5,B,800
09:46:47,10.49,S,1100
09:46:49,10.5,B,1000
09:46:49,10.5,B,2000
09:46:49,10.5,B,500
09:46:50,10.5,B,400
09:46:51,10.5,B,400
09:46:51,10.5,B,5000
09:46:52,10.5,B,500
09:46:52,10.5,B,2000
09:46:52,10.49,S,10600
09:46:53,10.5,B,27200
09:46:53,10.5,B,800
09:46:53,10.5,B,1100
09:46:53,10.51,B,2000
09:46:53,10.51,B,100
09:46:53,10.51,B,1000
09:46:53,10.51,B,1300
09:46:53,10.51,B,100
09:46:53,10.52,B,2200
09:46:53,10.52,B,200
09:46:54,10.5,S,200
09:46:54,10.5,S,800
09:46:55,10.51,B,1600
09:46:55,10.51,B,1000
09:46:55,10.52,B,1400
09:46:55,10.52,B,4000
09:46:56,10.52,B,100
09:46:58,10.5,S,200
09:46:58,10.5,S,200
09:46:58,10.51,B,200
09:46:59,10.5,S,400
09:47:00,10.51,B,10000
09:47:02,10.5,S,1600
09:47:02,10.51,B,2000
09:47:02,10.51,B,400
09:47:03,10.51,B,200
09:47:03,10.5,S,1100
09:47:05,10.51,B,2000
09:47:06,10.51,B,14800
09:47:06,10.51,B,1200
09:47:06,10.52,B,900
09:47:06,10.52,B,1000
09:47:06,10.52,B,1100
09:47:06,10.52,B,5000
09:47:06,10.52,B,1000
09:47:06,10.52,B,300
09:47:06,10.53,B,1100
09:47:06,10.53,B,1000
09:47:06,10.53,B,300
09:47:06,10.53,B,300
09:47:06,10.53,B,1000
09:47:06,10.53,B,1000
09:47:06,10.53,B,1000
09:47:06,10.53,B,1100
09:47:06,10.53,B,5000
09:47:06,10.53,B,1000
09:47:06,10.53,B,200
09:47:07,10.5,S,1000
09:47:07,10.5,S,3800
09:47:08,10.51,S,3000
09:47:08,10.5,S,6700
09:47:08,10.5,S,500
09:47:08,10.5,S,3000
09:47:08,10.5,S,600
09:47:08,10.5,S,1000
09:47:08,10.5,S,500
09:47:08,10.5,S,20000
09:47:08,10.5,S,2000
09:47:08,10.5,S,2000
09:47:08,10.5,S,500
09:47:08,10.5,S,500
09:47:08,10.5,S,200
09:47:08,10.5,S,1000
09:47:08,10.5,S,58500
09:47:09,10.52,S,100
09:47:09,10.5,S,8100
09:47:11,10.5,S,33400
09:47:11,10.5,S,1000
09:47:11,10.5,S,200
09:47:11,10.5,S,50000
09:47:11,10.5,S,3000
09:47:11,10.5,S,1000
09:47:11,10.5,S,500
09:47:11,10.49,S,63681
09:47:11,10.49,S,5000
09:47:11,10.49,S,100
09:47:11,10.49,S,600
09:47:11,10.49,S,3000
09:47:11,10.49,S,3000
09:47:11,10.49,S,400
09:47:11,10.49,S,2000
09:47:11,10.49,S,1000
09:47:11,10.49,S,1419
09:47:12,10.5,S,300
09:47:12,10.49,S,10100
09:47:13,10.51,B,100
09:47:15,10.5,B,200
09:47:15,10.51,B,900
09:47:15,10.52,B,900
09:47:15,10.5,B,800
09:47:16,10.5,B,500
09:47:16,10.52,B,4300
09:47:16,10.5,S,2700
09:47:16,10.5,S,100
09:47:17,10.52,B,300
09:47:17,10.52,B,1000
09:47:17,10.52,B,10000
09:47:18,10.52,B,8000
09:47:20,10.52,B,700
09:47:21,10.51,S,200
09:47:21,10.5,S,700
09:47:21,10.5,S,700
09:47:25,10.52,B,2000
09:47:25,10.52,B,100
09:47:28,10.51,S,500
09:47:28,10.51,S,500
09:47:28,10.51,S,1000
09:47:28,10.51,S,200
09:47:28,10.5,S,3500
09:47:30,10.51,B,1000
09:47:32,10.5,S,5800
09:47:32,10.5,S,300
09:47:32,10.5,S,5600
09:47:33,10.51,B,400
09:47:33,10.51,B,600
09:47:34,10.52,B,100
09:47:35,10.51,S,1400
09:47:36,10.51,B,3700
09:47:36,10.51,B,300
09:47:36,10.52,B,2700
09:47:36,10.5,S,500
09:47:39,10.51,S,300
09:47:40,10.51,B,600
09:47:40,10.52,B,1000
09:47:41,10.52,B,2000
09:47:42,10.52,B,100
09:47:42,10.51,S,18600
09:47:43,10.51,S,300
09:47:45,10.51,S,2000
09:47:46,10.52,B,1100
09:47:48,10.51,S,5000
09:47:48,10.51,S,1000
09:47:48,10.52,B,3000
09:47:48,10.51,S,2700
09:47:50,10.51,S,8200
09:47:50,10.51,S,100
09:47:51,10.51,S,1800
09:47:52,10.51,S,1600
09:47:56,10.52,B,200
09:47:57,10.51,S,300
09:47:58,10.52,B,100
09:47:58,10.52,B,500
09:47:59,10.52,B,500
09:47:59,10.51,S,1000
09:48:01,10.52,B,3600
09:48:01,10.51,S,1000
09:48:01,10.51,S,1000
09:48:01,10.52,B,100
09:48:02,10.52,B,1200
09:48:04,10.52,B,1000
09:48:05,10.52,B,200
09:48:05,10.51,S,9100
09:48:05,10.51,S,3000
09:48:05,10.51,S,200
09:48:05,10.51,S,7700
09:48:05,10.51,S,13400
09:48:05,10.51,S,1000
09:48:05,10.5,S,600
09:48:07,10.51,B,500
09:48:09,10.51,B,500
09:48:11,10.51,B,400
09:48:11,10.52,B,4700
09:48:11,10.51,S,1600
09:48:11,10.5,S,11000
09:48:11,10.5,S,2000
09:48:11,10.5,S,20000
09:48:11,10.5,S,300
09:48:11,10.5,S,500
09:48:11,10.5,S,200
09:48:11,10.5,S,1000
09:48:11,10.5,S,1000
09:48:11,10.5,S,4000
09:48:11,10.5,S,1000
09:48:11,10.5,S,5000
09:48:11,10.5,S,2000
09:48:11,10.5,S,500
09:48:11,10.5,S,200
09:48:11,10.5,S,1500
09:48:11,10.5,S,300
09:48:11,10.5,S,7600
09:48:11,10.5,S,10000
09:48:11,10.5,S,100
09:48:11,10.5,S,2800
09:48:11,10.5,S,2000
09:48:11,10.5,S,500
09:48:11,10.5,S,4100
09:48:11,10.5,S,3000
09:48:11,10.5,S,1200
09:48:11,10.5,S,500
09:48:11,10.5,S,300
09:48:11,10.5,S,1000
09:48:11,10.5,S,500
09:48:11,10.5,S,800
09:48:11,10.5,S,1000
09:48:11,10.5,S,1500
09:48:11,10.5,S,200
09:48:11,10.5,S,2500
09:48:11,10.5,S,50000
09:48:11,10.5,S,1000
09:48:12,10.5,B,400
09:48:12,10.5,B,300
09:48:12,10.5,B,2000
09:48:13,10.5,B,500
09:48:14,10.5,B,1000
09:48:15,10.5,B,100
09:48:17,10.5,B,3000
09:48:18,10.5,B,1000
09:48:20,10.49,S,5000
09:48:23,10.5,B,2000
09:48:24,10.5,B,20000
09:48:24,10.5,B,4200
09:48:25,10.5,B,1500
09:48:26,10.5,B,10000
09:48:27,10.5,B,6000
09:48:27,10.5,B,1000
09:48:27,10.5,B,5000
09:48:27,10.49,S,1200
09:48:28,10.49,S,1000
09:48:29,10.5,B,500
09:48:31,10.5,B,200
09:48:31,10.5,B,1500
09:48:31,10.5,B,100
09:48:31,10.5,B,167085
09:48:31,10.5,B,200
09:48:31,10.5,B,5000
09:48:31,10.5,B,1000
09:48:31,10.5,B,500
09:48:32,10.51,B,2400
09:48:32,10.51,B,2500
09:48:35,10.5,S,26215
09:48:35,10.5,B,500
09:48:36,10.5,B,500
09:48:37,10.5,B,5000
09:48:39,10.5,B,8300
09:48:40,10.5,B,400
09:48:40,10.5,B,1400
09:48:42,10.49,S,1000
09:48:43,10.5,B,5000
09:48:44,10.5,B,300
09:48:44,10.5,B,1000
09:48:45,10.5,B,1385
09:48:45,10.5,B,200
09:48:45,10.5,B,1400
09:48:47,10.51,B,300
09:48:47,10.5,S,1015
09:48:47,10.5,S,2985
09:48:49,10.51,B,200
09:48:49,10.51,B,100
09:48:49,10.5,S,500
09:48:49,10.5,S,100
09:48:49,10.5,S,1000
09:48:50,10.5,S,415
09:48:50,10.5,S,500
09:48:50,10.5,B,1000
09:48:50,10.5,B,1185
09:48:50,10.51,B,400
09:48:50,10.51,B,200
09:48:50,10.51,B,200
09:48:50,10.51,B,1200
09:48:50,10.51,B,200
09:48:50,10.51,B,1000
09:48:50,10.51,B,400
09:48:50,10.51,B,100
09:48:50,10.51,B,2400
09:48:50,10.51,B,1000
09:48:50,10.51,B,1000
09:48:50,10.51,B,1900
09:48:50,10.51,B,1000
09:48:50,10.51,B,3500
09:48:51,10.5,S,815
09:48:51,10.5,S,585
09:48:51,10.51,B,700
09:48:51,10.51,B,500
09:48:51,10.51,B,200
09:48:52,10.52,B,1000
09:48:52,10.52,B,100000
09:48:53,10.51,S,3900
09:48:53,10.5,S,500
09:48:53,10.5,S,500
09:48:53,10.5,S,215
09:48:53,10.5,S,200
09:48:53,10.5,S,585
09:48:53,10.5,S,115
09:48:53,10.5,S,500
09:48:53,10.5,S,1385
09:48:54,10.5,S,100
09:48:54,10.51,B,2300
09:48:55,10.51,B,200
09:48:55,10.5,S,500
09:48:58,10.5,S,15
09:48:58,10.5,S,400
09:48:58,10.5,S,1000
09:48:58,10.5,S,3000
09:48:58,10.5,S,1500
09:48:58,10.49,S,17585
09:48:58,10.51,B,1000
09:49:00,10.51,B,300
09:49:01,10.5,S,500
09:49:02,10.51,B,200
09:49:02,10.5,S,200
09:49:04,10.51,B,1000
09:49:04,10.51,B,2100
09:49:04,10.5,S,900
09:49:08,10.5,S,100
09:49:10,10.5,S,1300
09:49:10,10.5,S,164
09:49:12,10.51,B,400
09:49:13,10.51,B,2000
09:49:13,10.5,S,300
09:49:14,10.5,S,736
09:49:14,10.5,S,864
09:49:16,10.51,B,2000
09:49:19,10.51,B,300
09:49:22,10.51,B,1800
09:49:22,10.51,B,400
09:49:24,10.51,B,100
09:49:24,10.51,B,1000
09:49:24,10.51,B,1900
09:49:24,10.51,B,400
09:49:24,10.51,B,100
09:49:24,10.51,B,900
09:49:25,10.51,B,100
09:49:25,10.51,B,700
09:49:25,10.51,B,1300
09:49:28,10.51,B,500
09:49:28,10.51,B,1100
09:49:28,10.51,B,1000
09:49:28,10.51,B,400
09:49:29,10.5,S,36
09:49:29,10.5,S,200
09:49:29,10.5,S,500
09:49:29,10.5,S,500
09:49:29,10.5,S,1264
09:49:29,10.5,S,300
09:49:30,10.51,B,300
09:49:30,10.5,S,200
09:49:31,10.5,S,136
09:49:31,10.5,S,300
09:49:31,10.5,S,7964
09:49:32,10.51,B,100
09:49:32,10.51,B,2100
09:49:32,10.51,B,600
09:49:32,10.51,B,1900
09:49:32,10.51,B,500
09:49:32,10.51,B,3000
09:49:32,10.51,B,11500
09:49:34,10.5,S,2900
09:49:34,10.51,B,1000
09:49:35,10.51,B,2100
09:49:35,10.5,S,500
09:49:35,10.5,S,1000
09:49:35,10.51,B,1000
09:49:36,10.5,S,23000
09:49:36,10.51,B,1000
09:49:36,10.51,B,2100
09:49:37,10.51,B,1000
09:49:37,10.51,B,2700
09:49:39,10.51,B,2000
09:49:40,10.51,B,500
09:49:41,10.51,B,1500
09:49:41,10.51,B,43600
09:49:41,10.51,B,1300
09:49:41,10.51,B,5000
09:49:41,10.51,B,1200
09:49:41,10.51,B,2000
09:49:41,10.51,B,1000
09:49:41,10.51,B,1100
09:49:41,10.51,B,1000
09:49:41,10.51,B,1100
09:49:41,10.51,B,900
09:49:41,10.51,B,2000
09:49:41,10.51,B,2100
09:49:41,10.51,B,400
09:49:41,10.51,B,1200
09:49:42,10.51,S,200
09:49:43,10.5,S,2400
09:49:44,10.51,B,500
09:49:44,10.51,B,1700
09:49:44,10.51,B,3500
09:49:46,10.5,S,100
09:49:46,10.5,S,300
09:49:47,10.5,S,300
09:49:48,10.51,B,1500
09:49:48,10.51,B,1400
09:49:50,10.51,B,200
09:49:51,10.5,S,1000
09:49:52,10.51,B,300
09:49:52,10.51,B,800
09:49:52,10.51,B,900
09:49:53,10.51,B,1300
09:49:53,10.51,B,700
09:49:54,10.5,S,400
09:49:56,10.5,S,10136
09:49:56,10.5,S,500
09:49:56,10.5,S,4364
09:49:56,10.51,B,1200
09:49:56,10.51,B,700
09:49:56,10.51,B,1500
09:49:56,10.51,B,26600
09:49:57,10.5,S,636
09:49:57,10.5,S,164
09:49:57,10.51,B,5900
09:49:58,10.51,B,500
09:50:00,10.51,B,1000
09:50:00,10.5,S,36
09:50:00,10.5,S,64
09:50:00,10.51,B,400
09:50:01,10.51,B,100
09:50:04,10.51,B,3500
09:50:05,10.51,B,22800
09:50:05,10.51,B,1300
09:50:05,10.51,B,500
09:50:05,10.51,B,1000
09:50:05,10.51,B,500
09:50:05,10.51,B,10000
09:50:05,10.51,B,100
09:50:05,10.51,B,1200
09:50:05,10.51,B,1400
09:50:05,10.51,B,9000
09:50:05,10.51,S,600
09:50:05,10.51,S,100
09:50:07,10.51,S,1500
09:50:07,10.51,S,25300
09:50:07,10.5,S,13800
09:50:08,10.51,S,200
09:50:08,10.52,B,300
09:50:08,10.51,S,400
09:50:09,10.52,B,200
09:50:09,10.52,B,300
09:50:09,10.51,S,400
09:50:10,10.5,S,1000
09:50:11,10.51,B,200
09:50:11,10.5,S,1000
09:50:12,10.51,B,200
09:50:12,10.51,B,600
09:50:12,10.5,S,5200
09:50:13,10.51,B,300
09:50:14,10.51,B,300
09:50:14,10.51,B,100
09:50:17,10.51,B,900
09:50:17,10.51,B,1000
09:50:17,10.52,B,1200
09:50:17,10.52,B,3000
09:50:17,10.52,B,600
09:50:17,10.52,B,1100
09:50:17,10.52,B,800
09:50:17,10.52,B,500
09:50:17,10.52,B,500
09:50:17,10.52,B,1600
09:50:17,10.52,B,5900
09:50:17,10.52,B,2900
09:50:18,10.52,B,1700
09:50:19,10.51,S,100
09:50:19,10.5,S,900
09:50:19,10.52,B,1100
09:50:20,10.52,B,100
09:50:20,10.51,S,1000
09:50:20,10.5,S,9000
09:50:20,10.5,S,200
09:50:24,10.51,S,500
09:50:24,10.5,S,1900
09:50:26,10.52,B,300
09:50:27,10.51,S,2800
09:50:27,10.51,S,100
09:50:27,10.51,S,3000
09:50:27,10.51,S,2000
09:50:27,10.5,S,16936
09:50:27,10.5,S,200
09:50:27,10.5,S,200
09:50:27,10.5,S,2000
09:50:27,10.5,S,5000
09:50:27,10.5,S,100
09:50:27,10.5,S,3000
09:50:27,10.5,S,100
09:50:27,10.5,S,400
09:50:27,10.5,S,100
09:50:27,10.5,S,2000
09:50:27,10.5,S,100
09:50:27,10.5,S,500
09:50:27,10.5,S,5600
09:50:27,10.5,S,2000
09:50:27,10.5,S,100
09:50:27,10.5,S,2200
09:50:27,10.5,S,10000
09:50:27,10.5,S,500
09:50:27,10.5,S,1000
09:50:27,10.5,S,500
09:50:27,10.5,S,6100
09:50:27,10.5,S,500
09:50:27,10.5,S,3000
09:50:27,10.5,S,3000
09:50:27,10.5,S,3000
09:50:27,10.5,S,1500
09:50:27,10.5,S,1000
09:50:27,10.5,S,1000
09:50:27,10.5,S,60000
09:50:27,10.5,S,2000
09:50:28,10.5,B,2000
09:50:29,10.5,B,300
09:50:30,10.5,B,1000
09:50:30,10.5,B,3000
09:50:31,10.5,B,300
09:50:32,10.5,B,1000
09:50:33,10.5,B,100
09:50:33,10.5,B,1400
09:50:34,10.5,B,100
09:50:34,10.5,B,2300
09:50:35,10.5,B,200
09:50:36,10.5,B,500
09:50:37,10.5,B,36100
09:50:38,10.5,B,2500
09:50:38,10.5,B,1000
09:50:38,10.5,B,10000
09:50:38,10.5,B,500
09:50:40,10.5,B,4000
09:50:42,10.5,B,1400
09:50:43,10.49,S,400
09:50:43,10.5,B,500
09:50:44,10.5,B,500
09:50:45,10.5,B,1400
09:50:46,10.5,B,100
09:50:47,10.5,B,1000
09:50:47,10.5,B,700
09:50:47,10.49,S,200
09:50:48,10.49,S,800
09:50:48,10.5,B,14100
09:50:49,10.49,S,11296
09:50:49,10.49,S,5000
09:50:49,10.49,S,2000
09:50:49,10.49,S,700
09:50:49,10.49,S,5000
09:50:49,10.49,S,5000
09:50:49,10.49,S,100
09:50:49,10.49,S,500
09:50:49,10.49,S,100
09:50:49,10.49,S,304
09:50:50,10.49,S,100
09:50:50,10.5,B,12400
09:50:50,10.5,B,44700
09:50:52,10.5,B,400
09:50:53,10.5,B,9000
09:50:54,10.5,B,50000
09:50:54,10.5,B,400
09:50:55,10.49,S,96
09:50:55,10.49,S,204
09:50:55,10.5,B,100
09:50:56,10.49,S,500
09:50:56,10.5,B,800
09:50:57,10.5,B,1000
09:50:59,10.5,B,600
09:50:59,10.5,B,700
09:51:00,10.5,B,6100
09:51:00,10.49,S,2296
09:51:00,10.49,S,400
09:51:00,10.49,S,500
09:51:00,10.49,S,304
09:51:00,10.5,B,1000
09:51:00,10.49,S,500
09:51:01,10.5,B,400
09:51:01,10.5,B,200
09:51:01,10.49,S,196
09:51:01,10.49,S,104
09:51:01,10.49,S,1896
09:51:01,10.49,S,13304
09:51:01,10.49,S,1000
09:51:02,10.49,S,500
09:51:02,10.5,B,1900
09:51:02,10.5,B,1000
09:51:03,10.5,B,500
09:51:03,10.5,B,500
09:51:03,10.49,S,200
09:51:03,10.49,S,1000
09:51:03,10.5,B,65600
09:51:03,10.49,S,200
09:51:04,10.49,S,1000
09:51:04,10.49,S,1000
09:51:04,10.5,B,75164
09:51:04,10.5,B,1000
09:51:04,10.5,B,1900
09:51:04,10.5,B,3000
09:51:04,10.5,B,900
09:51:04,10.5,B,3000
09:51:04,10.5,B,5000
09:51:04,10.5,B,1000
09:51:04,10.5,B,936
09:51:07,10.5,B,64
09:51:07,10.5,B,600
09:51:07,10.5,B,500
09:51:10,10.5,S,100
09:51:10,10.5,S,100
09:51:12,10.5,S,100
09:51:12,10.5,S,1400
09:51:13,10.5,S,1000
09:51:13,10.5,S,500
09:51:17,10.5,S,200
09:51:20,10.5,S,4000
09:51:21,10.5,S,200
09:51:22,10.5,S,200
09:51:23,10.5,S,1000
09:51:24,10.5,S,3036
09:51:24,10.5,S,500
09:51:24,10.5,S,1464
09:51:25,10.5,S,536
09:51:25,10.5,S,5000
09:51:25,10.5,S,500
09:51:25,10.5,S,400
09:51:25,10.5,S,2200
09:51:25,10.5,S,2400
09:51:25,10.5,S,800
09:51:25,10.5,S,20000
09:51:25,10.5,S,100
09:51:25,10.49,S,100
09:51:26,10.5,B,100
09:51:28,10.5,B,20000
09:51:29,10.5,B,5100
09:51:30,10.5,B,500
09:51:30,10.5,B,68700
09:51:31,10.5,B,2000
09:51:31,10.5,B,2000
09:51:33,10.5,B,3000
09:51:34,10.5,B,30000
09:51:34,10.5,B,200
09:51:36,10.5,B,1000
09:51:36,10.5,B,2000
09:51:36,10.5,B,500
09:51:36,10.5,B,3000
09:51:37,10.5,B,2400
09:51:38,10.5,B,20000
09:51:39,10.5,B,500
09:51:40,10.5,B,50000
09:51:40,10.49,S,7000
09:51:41,10.5,B,1000
09:51:42,10.49,S,1600
09:51:42,10.5,B,200
09:51:43,10.5,B,900
09:51:43,10.49,S,500
09:51:44,10.5,B,2000
09:51:44,10.5,B,2000
09:51:45,10.49,S,5800
09:51:46,10.5,B,300
09:51:47,10.49,S,100
09:51:49,10.5,B,500
09:51:50,10.5,B,4900
09:51:52,10.49,S,1000
09:51:52,10.5,B,600
09:51:55,10.5,B,500
09:51:56,10.5,B,300
09:51:58,10.49,S,400
09:51:59,10.49,S,12500
09:52:00,10.49,S,4900
09:52:01,10.5,B,2100
09:52:01,10.49,S,500
09:52:03,10.5,B,1000
09:52:04,10.5,B,200
09:52:06,10.49,S,9100
09:52:06,10.49,S,11700
09:52:07,10.5,B,2000
09:52:07,10.5,B,2800
09:52:07,10.5,B,1000
09:52:08,10.49,S,100
09:52:08,10.5,B,200
09:52:09,10.49,S,14496
09:52:09,10.49,S,1600
09:52:09,10.49,S,1000
09:52:09,10.49,S,1000
09:52:09,10.49,S,2500
09:52:09,10.49,S,2000
09:52:09,10.49,S,1000
09:52:09,10.49,S,400
09:52:09,10.49,S,100
09:52:09,10.49,S,300
09:52:09,10.49,S,300
09:52:09,10.49,S,100
09:52:09,10.49,S,400
09:52:09,10.49,S,800
09:52:09,10.49,S,300
09:52:09,10.49,S,700
09:52:09,10.49,S,500
09:52:09,10.49,S,5000
09:52:09,10.49,S,13004
09:52:10,10.49,S,500
09:52:10,10.5,B,2000
09:52:10,10.49,S,300
09:52:11,10.5,B,2100
09:52:11,10.5,B,3500
09:52:12,10.49,S,1200
09:52:13,10.5,B,400
09:52:13,10.49,S,300
09:52:14,10.5,B,5000
09:52:15,10.5,B,500
09:52:15,10.49,S,200
09:52:17,10.5,B,20000
09:52:19,10.49,S,16000
09:52:20,10.49,S,14696
09:52:20,10.49,S,200
09:52:20,10.49,S,500
09:52:20,10.49,S,14900
09:52:20,10.49,S,4000
09:52:20,10.49,S,200
09:52:20,10.49,S,20000
09:52:20,10.49,S,2004
09:52:21,10.5,B,100
09:52:22,10.5,B,300
09:52:23,10.49,S,500
09:52:25,10.5,B,200
09:52:27,10.5,B,8000
09:52:29,10.49,S,1200
09:52:30,10.49,S,400
09:52:30,10.49,S,500
09:52:30,10.5,B,200
09:52:31,10.5,B,3000
09:52:31,10.49,S,200
09:52:31,10.49,S,1000
09:52:32,10.49,S,4000
09:52:33,10.5,B,10000
09:52:33,10.5,B,200
09:52:34,10.5,B,1100
09:52:35,10.5,B,1500
09:52:35,10.5,B,2000
09:52:37,10.5,B,500
09:52:37,10.5,B,2000
09:52:38,10.49,S,500
09:52:38,10.49,S,1000
09:52:38,10.5,B,400
09:52:39,10.5,B,10000
09:52:40,10.5,B,500
09:52:41,10.5,B,1000
09:52:43,10.49,S,5000
09:52:43,10.5,B,800
09:52:44,10.5,B,800
09:52:44,10.5,B,400
09:52:46,10.5,B,1000
09:52:46,10.49,S,1000
09:52:47,10.5,B,200
09:52:50,10.49,S,3000
09:52:50,10.5,B,1300
09:52:51,10.5,B,600
09:52:51,10.49,S,2800
09:52:53,10.5,B,1100
09:52:53,10.5,B,1000
09:52:53,10.5,B,3000
09:52:53,10.5,B,100
09:52:53,10.5,B,19600
09:52:55,10.5,B,10500
09:52:55,10.49,S,1700
09:52:56,10.5,B,100
09:52:57,10.49,S,200
09:52:58,10.5,B,3500
09:53:01,10.5,B,500
09:53:02,10.5,B,1000
09:53:03,10.5,B,700
09:53:03,10.5,B,30000
09:53:03,10.5,B,1000
09:53:05,10.5,B,600
09:53:05,10.49,S,4000
09:53:06,10.5,B,1300
09:53:07,10.49,S,900
09:53:07,10.49,S,500
09:53:07,10.49,S,100
09:53:08,10.49,S,30000
09:53:08,10.5,B,2300
09:53:08,10.5,B,1400
09:53:08,10.49,S,100
09:53:09,10.49,S,4000
09:53:09,10.49,S,2000
09:53:10,10.49,S,200
09:53:11,10.5,B,2000
09:53:12,10.49,S,599
09:53:13,10.49,S,6797
09:53:13,10.49,S,200
09:53:13,10.49,S,20000
09:53:13,10.49,S,6503
09:53:13,10.5,B,1000
09:53:13,10.49,S,900
09:53:15,10.49,S,497
09:53:15,10.49,S,400
09:53:15,10.49,S,903
09:53:15,10.5,B,6000
09:53:15,10.49,S,97
09:53:15,10.49,S,2903
09:53:16,10.5,B,1000
09:53:16,10.5,B,300
09:53:16,10.5,B,500
09:53:18,10.5,B,1000
09:53:18,10.5,B,400
09:53:19,10.5,B,5000
09:53:20,10.5,B,10000
09:53:21,10.49,S,97
09:53:21,10.49,S,403
09:53:24,10.49,S,597
09:53:24,10.49,S,5000
09:53:24,10.49,S,800
09:53:24,10.49,S,1000
09:53:24,10.49,S,100
09:53:24,10.49,S,800
09:53:24,10.49,S,800
09:53:24,10.49,S,5200
09:53:24,10.49,S,1500
09:53:24,10.49,S,400
09:53:24,10.49,S,5000
09:53:24,10.49,S,1200
09:53:24,10.49,S,6000
09:53:24,10.49,S,29203
09:53:25,10.49,S,10000
09:53:28,10.5,B,2000
09:53:30,10.49,S,600
09:53:30,10.49,S,1000
09:53:31,10.5,B,800
09:53:31,10.49,S,9197
09:53:31,10.49,S,200
09:53:31,10.49,S,500
09:53:31,10.49,S,10000
09:53:31,10.49,S,5000
09:53:31,10.49,S,200
09:53:31,10.49,S,500
09:53:33,10.49,B,500
09:53:33,10.49,B,400
09:53:34,10.49,B,9900
09:53:35,10.49,B,200
09:53:35,10.49,B,500
09:53:40,10.49,B,2000
09:53:40,10.49,B,400
09:53:42,10.49,B,6800
09:53:43,10.49,B,2500
09:53:43,10.48,S,400
09:53:43,10.49,B,100
09:53:48,10.49,B,1103
09:53:48,10.49,B,2897
09:53:48,10.48,S,100
09:53:50,10.49,B,1103
09:53:50,10.49,B,97
09:53:50,10.48,S,2000
09:53:51,10.49,B,4200
09:53:54,10.49,B,2000
09:53:54,10.49,B,600
09:53:54,10.49,B,2000
09:53:54,10.49,B,10000
09:53:55,10.49,B,3500
09:53:57,10.49,B,1000
09:53:57,10.49,B,3000
09:53:58,10.48,S,33800
09:53:58,10.48,S,200
09:53:59,10.48,S,200
09:53:59,10.48,S,2000
09:54:00,10.49,B,1000
09:54:01,10.49,B,800
09:54:01,10.49,B,3900
09:54:01,10.48,S,2000
09:54:01,10.49,B,10000
09:54:02,10.49,B,2600
09:54:02,10.49,B,1000
09:54:04,10.49,B,700
09:54:04,10.48,S,600
09:54:05,10.48,S,1600
09:54:05,10.49,B,1000
09:54:05,10.48,S,3300
09:54:06,10.48,S,1000
09:54:08,10.49,B,2000
09:54:08,10.48,S,100
09:54:10,10.49,B,29200
09:54:10,10.49,B,9500
09:54:11,10.48,S,1000
09:54:12,10.49,B,500
09:54:12,10.48,S,7400
09:54:13,10.49,B,600
09:54:13,10.48,S,700
09:54:13,10.49,B,21600
09:54:14,10.48,S,500
09:54:14,10.49,B,300
09:54:14,10.49,B,4000
09:54:15,10.49,B,1000
09:54:16,10.48,S,2600
09:54:16,10.49,B,3100
09:54:17,10.49,B,500
09:54:18,10.48,S,500
09:54:18,10.49,B,100
09:54:18,10.49,B,500
09:54:20,10.49,B,200
09:54:20,10.49,B,45803
09:54:20,10.49,B,100
09:54:20,10.49,B,1100
09:54:20,10.49,B,6600
09:54:20,10.49,B,1000
09:54:20,10.49,B,1600
09:54:20,10.49,B,2400
09:54:20,10.49,B,1400
09:54:20,10.49,B,7900
09:54:20,10.49,B,500
09:54:20,10.49,B,5000
09:54:20,10.49,B,100
09:54:20,10.49,B,200
09:54:20,10.49,B,3200
09:54:20,10.49,B,8000
09:54:20,10.49,B,1000
09:54:20,10.49,B,697
09:54:21,10.48,S,17600
09:54:21,10.48,S,2000
09:54:21,10.48,S,1500
09:54:21,10.48,S,3000
09:54:21,10.48,S,700
09:54:21,10.49,B,200
09:54:21,10.49,B,103
09:54:21,10.49,B,200
09:54:21,10.49,B,2200
09:54:21,10.49,B,7000
09:54:21,10.49,B,3500
09:54:21,10.49,B,400
09:54:21,10.49,B,2900
09:54:21,10.49,B,100
09:54:22,10.49,S,500
09:54:23,10.49,S,1200
09:54:24,10.49,S,3000
09:54:25,10.49,S,1000
09:54:26,10.49,S,500
09:54:27,10.49,S,200
09:54:27,10.49,S,200
09:54:27,10.49,S,21197
09:54:27,10.49,S,1000
09:54:27,10.49,S,3900
09:54:27,10.49,S,200
09:54:28,10.49,B,5000
09:54:28,10.49,B,1900
09:54:28,10.49,B,1000
09:54:28,10.49,B,300
09:54:30,10.49,B,100
09:54:31,10.48,S,100
09:54:32,10.49,B,3200
09:54:32,10.49,B,2200
09:54:33,10.48,S,1200
09:54:33,10.48,S,3800
09:54:33,10.48,S,1000
09:54:34,10.49,B,100
09:54:34,10.49,B,300
09:54:34,10.49,B,2500
09:54:34,10.49,B,16000
09:54:35,10.49,B,1800
09:54:35,10.49,B,2000
09:54:35,10.49,B,100
09:54:41,10.49,B,5000
09:54:41,10.49,B,2203
09:54:41,10.49,B,10000
09:54:41,10.49,B,1600
09:54:41,10.49,B,2000
09:54:41,10.49,B,10200
09:54:41,10.49,B,297
09:54:41,10.49,B,303
09:54:41,10.49,B,100
09:54:41,10.5,B,19300
09:54:42,10.5,B,200
09:54:42,10.5,B,300
09:54:42,10.5,B,400
09:54:42,10.5,B,1700
09:54:43,10.5,B,1300
09:54:43,10.5,B,5700
09:54:43,10.5,B,1000
09:54:43,10.5,B,600
09:54:44,10.5,B,1000
09:54:45,10.5,B,200
09:54:47,10.49,S,1000
09:54:48,10.49,S,100
09:54:48,10.5,B,500
09:54:49,10.5,B,3000
09:54:49,10.49,S,1000
09:54:50,10.49,S,3700
09:54:52,10.49,S,200
09:54:53,10.5,B,300
09:54:55,10.49,S,1300
09:54:55,10.5,B,6600
09:54:56,10.49,S,200
09:54:59,10.5,B,5164
09:54:59,10.5,B,4836
09:54:59,10.49,S,100
09:55:00,10.5,B,164
09:55:00,10.5,B,336
09:55:01,10.49,S,1997
09:55:01,10.49,S,300
09:55:01,10.49,S,10000
09:55:01,10.49,S,1000
09:55:01,10.49,S,600
09:55:01,10.49,S,6000
09:55:01,10.49,S,500
09:55:01,10.49,S,2000
09:55:01,10.49,S,11000
09:55:01,10.49,S,100
09:55:01,10.49,S,100
09:55:01,10.49,S,5000
09:55:01,10.49,S,2000
09:55:01,10.49,S,1800
09:55:01,10.49,S,1000
09:55:01,10.49,S,10400
09:55:01,10.49,S,2000
09:55:01,10.49,S,100
09:55:01,10.49,S,300
09:55:01,10.49,S,7000
09:55:01,10.49,S,200
09:55:01,10.49,S,1000
09:55:01,10.49,S,1200
09:55:01,10.49,S,2400
09:55:01,10.49,S,400
09:55:02,10.49,B,1000
09:55:03,10.49,B,8500
09:55:03,10.49,B,1000
09:55:04,10.48,S,30000
09:55:04,10.49,B,3600
09:55:04,10.49,B,1000
09:55:05,10.49,B,2000
09:55:05,10.49,B,500
09:55:05,10.49,B,14003
09:55:05,10.49,B,1600
09:55:05,10.49,B,4000
09:55:06,10.49,S,2300
09:55:08,10.49,S,100
09:55:09,10.49,S,2000
09:55:10,10.49,S,1200
09:55:10,10.49,S,1000
09:55:10,10.5,B,564
09:55:10,10.5,B,500
09:55:10,10.5,B,100
09:55:10,10.5,B,100
09:55:10,10.5,B,736
09:55:12,10.49,S,1700
09:55:12,10.5,B,10000
09:55:12,10.49,S,500
09:55:13,10.49,S,300
09:55:13,10.49,S,700
09:55:13,10.5,B,2000
09:55:14,10.5,B,4400
09:55:14,10.49,S,800
09:55:15,10.5,B,200
09:55:16,10.5,B,800
09:55:16,10.49,S,500
09:55:17,10.49,S,8400
09:55:17,10.5,B,1864
09:55:17,10.5,B,2000
09:55:17,10.5,B,2700
09:55:17,10.5,B,1000
09:55:17,10.5,B,3000
09:55:17,10.5,B,20000
09:55:17,10.5,B,36
09:55:19,10.5,B,500
09:55:19,10.5,B,1500
09:55:20,10.5,B,500
09:55:20,10.5,B,500
09:55:20,10.49,S,2000
09:55:21,10.49,S,100
09:55:21,10.5,B,500
09:55:22,10.49,S,2700
09:55:23,10.5,B,300
09:55:25,10.49,S,700
09:55:25,10.5,B,900
09:55:27,10.5,B,4800
09:55:28,10.5,B,500
09:55:28,10.49,S,1100
09:55:28,10.49,S,10900
09:55:29,10.5,B,3000
09:55:30,10.5,B,5464
09:55:30,10.5,B,800
09:55:30,10.5,B,900
09:55:30,10.5,B,3000
09:55:30,10.5,B,1000
09:55:30,10.5,B,600
09:55:30,10.5,B,1000
09:55:30,10.5,B,500
09:55:30,10.5,B,36736
09:55:31,10.5,B,1000
09:55:32,10.5,B,72500
09:55:32,10.5,B,1000
09:55:34,10.5,B,400
09:55:35,10.49,S,800
09:55:36,10.49,S,1000
09:55:36,10.49,S,2900
09:55:36,10.49,S,1000
09:55:37,10.5,B,200
09:55:37,10.5,B,2000
09:55:39,10.5,B,1000
09:55:40,10.49,S,1000
09:55:40,10.5,B,10000
09:55:40,10.49,S,14500
09:55:42,10.5,B,500
09:55:42,10.5,B,18800
09:55:43,10.5,B,3700
09:55:43,10.49,S,400
09:55:44,10.5,B,500
09:55:44,10.49,S,700
09:55:45,10.5,B,53700
09:55:45,10.5,B,21000
09:55:47,10.5,B,500
09:55:47,10.49,S,100
09:55:48,10.5,B,500
09:55:48,10.5,B,5000
09:55:49,10.5,B,700
09:55:49,10.49,S,100
09:55:49,10.5,B,1000
09:55:50,10.49,S,5500
09:55:50,10.5,B,8600
09:55:50,10.5,B,1400
09:55:50,10.5,B,4000
09:55:51,10.5,B,5000
09:55:52,10.49,S,3000
09:55:53,10.49,S,200
09:55:54,10.5,B,500
09:55:54,10.5,B,1100
09:55:54,10.49,S,500
09:55:54,10.5,B,3000
09:55:55,10.49,S,400
09:55:55,10.49,S,1783
09:55:55,10.5,B,30000
09:55:56,10.5,B,1500
09:55:56,10.5,B,11300
09:55:56,10.5,B,44900
09:55:58,10.49,S,1600
09:55:58,10.5,B,10000
09:55:58,10.5,B,10000
09:55:58,10.49,S,2900
09:55:58,10.49,S,1600
09:55:59,10.5,B,10400
09:56:00,10.49,S,1200
09:56:00,10.5,B,3000
09:56:00,10.5,B,5000
09:56:01,10.5,B,500
09:56:01,10.49,S,1600
09:56:01,10.49,S,1600
09:56:03,10.49,S,200
09:56:03,10.49,S,1600
09:56:03,10.5,B,100
09:56:04,10.5,B,5000
09:56:04,10.5,B,1200
09:56:04,10.49,S,1600
09:56:04,10.5,B,200
09:56:06,10.49,S,3200
09:56:07,10.49,S,100
09:56:07,10.5,B,10000
09:56:07,10.49,S,4600
09:56:08,10.5,B,1000
09:56:09,10.5,B,500
09:56:11,10.49,S,200
09:56:11,10.5,B,33500
09:56:11,10.5,B,5000
09:56:12,10.5,B,900
09:56:12,10.5,B,2000
09:56:12,10.5,B,2100
09:56:12,10.5,B,800
09:56:13,10.5,B,500
09:56:13,10.49,S,3500
09:56:13,10.5,B,1000
09:56:13,10.49,S,300
09:56:13,10.5,B,1700
09:56:14,10.5,B,100
09:56:16,10.5,B,5000
09:56:16,10.49,S,1600
09:56:17,10.5,B,500
09:56:17,10.49,S,2100
09:56:20,10.5,B,1000
09:56:20,10.5,B,5000
09:56:21,10.49,S,14
09:56:21,10.49,S,400
09:56:21,10.49,S,1000
09:56:21,10.49,S,500
09:56:21,10.49,S,2000
09:56:21,10.49,S,100
09:56:21,10.49,S,1986
09:56:21,10.5,B,2000
09:56:21,10.5,B,500
09:56:21,10.5,B,1000
09:56:21,10.49,S,900
09:56:23,10.5,B,400
09:56:23,10.5,B,38064
09:56:23,10.5,B,1000
09:56:23,10.5,B,2000
09:56:23,10.5,B,400
09:56:23,10.5,B,900
09:56:23,10.5,B,400
09:56:23,10.5,B,100
09:56:23,10.5,B,500
09:56:23,10.5,B,3000
09:56:23,10.5,B,1100
09:56:23,10.5,B,400
09:56:23,10.5,B,300
09:56:23,10.5,B,200
09:56:23,10.5,B,1000
09:56:23,10.5,B,100
09:56:23,10.5,B,2300
09:56:23,10.5,B,500
09:56:23,10.5,B,400
09:56:23,10.5,B,2000
09:56:23,10.5,B,200
09:56:23,10.5,B,3000
09:56:23,10.5,B,2000
09:56:23,10.5,B,10136
09:56:23,10.5,B,3000
09:56:23,10.49,S,100
09:56:24,10.5,B,2764
09:56:24,10.5,B,2300
09:56:24,10.5,B,1900
09:56:24,10.5,B,100
09:56:24,10.5,B,2500
09:56:24,10.5,B,100
09:56:24,10.5,B,336
09:56:24,10.5,B,764
09:56:24,10.5,B,236
09:56:26,10.5,B,1000
09:56:26,10.5,B,3000
09:56:26,10.5,B,13000
09:56:26,10.49,S,200
09:56:27,10.5,B,1600
09:56:27,10.5,B,800
09:56:27,10.5,B,1500
09:56:27,10.5,B,600
09:56:28,10.5,B,42464
09:56:28,10.5,B,500
09:56:28,10.5,B,1500
09:56:28,10.5,B,1100
09:56:28,10.5,B,200
09:56:28,10.5,B,2000
09:56:28,10.5,B,500
09:56:28,10.5,B,1500
09:56:28,10.5,B,100
09:56:28,10.5,B,500
09:56:28,10.5,B,2300
09:56:28,10.5,B,100
09:56:28,10.5,B,1000
09:56:28,10.5,B,5000
09:56:28,10.5,B,900
09:56:28,10.5,B,1500
09:56:28,10.5,B,10300
09:56:28,10.5,B,200
09:56:28,10.5,B,1000
09:56:28,10.5,B,400
09:56:28,10.5,B,1100
09:56:28,10.5,B,800
09:56:28,10.5,B,4000
09:56:28,10.5,B,200
09:56:28,10.5,B,1000
09:56:28,10.5,B,800
09:56:28,10.5,B,100
09:56:28,10.5,B,200
09:56:28,10.5,B,2000
09:56:28,10.5,B,600
09:56:28,10.5,B,500
09:56:28,10.5,B,400
09:56:28,10.5,B,500
09:56:28,10.5,B,1000
09:56:28,10.5,B,3200
09:56:28,10.5,B,536
09:56:28,10.5,B,100
09:56:29,10.5,B,764
09:56:29,10.5,B,6000
09:56:29,10.5,B,10936
09:56:30,10.5,B,5000
09:56:30,10.5,B,500
09:56:32,10.49,S,1000
09:56:32,10.5,B,1000
09:56:32,10.5,B,1000
09:56:32,10.5,B,300
09:56:32,10.5,B,26400
09:56:32,10.5,B,4000
09:56:33,10.5,B,1300
09:56:33,10.5,B,700
09:56:33,10.49,S,100
09:56:33,10.5,B,500
09:56:33,10.5,B,2000
09:56:33,10.49,S,14
09:56:33,10.49,S,86
09:56:34,10.5,B,1200
09:56:34,10.5,B,500
09:56:34,10.5,B,4664
09:56:34,10.5,B,336
09:56:35,10.5,B,264
09:56:35,10.5,B,1536
09:56:35,10.5,B,100
09:56:35,10.5,B,264
09:56:35,10.5,B,1500
09:56:35,10.5,B,1600
09:56:35,10.5,B,2400
09:56:35,10.5,B,1300
09:56:35,10.5,B,1600
09:56:35,10.5,B,1000
09:56:35,10.5,B,600
09:56:35,10.5,B,400
09:56:35,10.5,B,2200
09:56:35,10.5,B,1000
09:56:36,10.5,S,1000
09:56:41,10.5,S,2000
09:56:41,10.51,B,300
09:56:41,10.5,S,500
09:56:42,10.5,S,5000
09:56:43,10.5,S,10000
09:56:46,10.5,S,2900
09:56:48,10.5,S,4000
09:56:48,10.5,S,200
09:56:49,10.5,S,1600
09:56:49,10.5,S,800
09:56:49,10.5,S,100
09:56:51,10.5,S,4136
09:56:51,10.5,S,2000
09:56:51,10.5,S,1400
09:56:51,10.5,S,200
09:56:51,10.5,S,1000
09:56:51,10.5,S,10000
09:56:51,10.5,S,7400
09:56:51,10.5,S,39000
09:56:51,10.5,S,1000
09:56:51,10.5,S,5100
09:56:51,10.5,S,500
09:56:51,10.5,S,2900
09:56:51,10.5,S,2300
09:56:51,10.5,S,3200
09:56:51,10.5,S,1500
09:56:51,10.5,S,2000
09:56:51,10.5,S,300
09:56:51,10.5,S,200
09:56:51,10.5,S,1000
09:56:51,10.5,S,90000
09:56:51,10.5,S,2900
09:56:51,10.5,S,2000
09:56:51,10.5,S,700
09:56:51,10.5,S,4200
09:56:51,10.5,S,300
09:56:51,10.5,S,6600
09:56:51,10.5,S,500
09:56:51,10.5,S,200
09:56:51,10.5,S,18100
09:56:51,10.5,B,5000
09:56:52,10.5,B,1000
09:56:52,10.5,B,1700
09:56:52,10.5,B,1500
09:56:52,10.5,B,2000
09:56:52,10.5,B,2100
09:56:53,10.5,B,1000
09:56:54,10.5,B,500
09:56:54,10.5,B,1900
09:56:55,10.5,B,1000
09:56:56,10.49,S,200
09:56:56,10.5,B,5000
09:56:56,10.5,B,2000
09:56:57,10.5,B,1000
09:56:58,10.5,B,1500
09:56:58,10.5,B,1200
09:57:00,10.5,B,10000
09:57:00,10.5,B,1000
09:57:01,10.49,S,714
09:57:01,10.49,S,886
09:57:03,10.5,B,2000
09:57:03,10.5,B,900
09:57:03,10.5,B,3000
09:57:04,10.5,B,3000
09:57:04,10.5,B,500
09:57:05,10.5,B,10000
09:57:05,10.5,B,1000
09:57:06,10.5,B,2000
09:57:06,10.5,B,200
09:57:06,10.5,B,1200
09:57:08,10.49,S,100
09:57:09,10.5,B,2400
09:57:09,10.5,B,500
09:57:10,10.5,B,500
09:57:10,10.5,B,1000
09:57:11,10.5,B,1500
09:57:12,10.5,B,300
09:57:12,10.5,B,200
09:57:13,10.5,B,2000
09:57:14,10.5,B,1000
09:57:14,10.49,S,1600
09:57:15,10.49,S,600
09:57:15,10.5,B,1000
09:57:15,10.5,B,100
09:57:15,10.5,B,1000
09:57:15,10.49,S,100
09:57:15,10.5,B,300
09:57:16,10.49,S,3200
09:57:16,10.49,S,1600
09:57:16,10.5,B,31900
09:57:16,10.49,S,1600
09:57:16,10.5,B,1000
09:57:16,10.5,B,2000
09:57:17,10.49,S,2314
09:57:17,10.49,S,1900
09:57:17,10.49,S,5000
09:57:17,10.49,S,200
09:57:17,10.49,S,4300
09:57:17,10.49,S,600
09:57:17,10.49,S,1000
09:57:17,10.49,S,286
09:57:17,10.49,S,714
09:57:17,10.49,S,86
09:57:18,10.5,B,900
09:57:18,10.5,B,100000
09:57:18,10.5,B,100
09:57:18,10.5,B,1000
09:57:19,10.49,S,1600
09:57:19,10.49,S,3414
09:57:19,10.49,S,2000
09:57:19,10.49,S,1000
09:57:19,10.49,S,3586
09:57:20,10.5,B,5000
09:57:20,10.49,S,3200
09:57:20,10.49,S,1600
09:57:21,10.5,B,24500
09:57:22,10.5,B,500
09:57:22,10.5,B,2000
09:57:22,10.49,S,1614
09:57:22,10.49,S,500
09:57:22,10.49,S,1000
09:57:22,10.49,S,86
09:57:22,10.5,B,45464
09:57:22,10.5,B,10000
09:57:22,10.5,B,200
09:57:22,10.5,B,12000
09:57:22,10.5,B,1100
09:57:22,10.5,B,100
09:57:22,10.5,B,100
09:57:22,10.5,B,500
09:57:22,10.5,B,1100
09:57:22,10.5,B,16000
09:57:22,10.5,B,1000
09:57:22,10.5,B,2700
09:57:22,10.5,B,3000
09:57:22,10.5,B,1600
09:57:22,10.5,B,800
09:57:22,10.5,B,1000
09:57:22,10.5,B,5500
09:57:22,10.5,B,3000
09:57:22,10.5,B,300
09:57:22,10.5,B,200
09:57:22,10.5,B,4000
09:57:22,10.5,B,300
09:57:22,10.5,B,3000
09:57:22,10.5,B,1600
09:57:22,10.5,B,1600
09:57:22,10.5,B,1600
09:57:22,10.5,S,1600
09:57:22,10.5,S,1600
09:57:22,10.5,S,3000
09:57:23,10.5,S,1600
09:57:23,10.5,S,1600
09:57:24,10.5,S,500
09:57:24,10.5,S,29636
09:57:24,10.5,S,1200
09:57:24,10.5,S,2000
09:57:24,10.5,S,100
09:57:24,10.5,S,4000
09:57:24,10.49,S,4914
09:57:24,10.49,S,2000
09:57:24,10.49,S,900
09:57:24,10.49,S,200
09:57:24,10.49,S,1000
09:57:24,10.49,S,500
09:57:24,10.49,S,500
09:57:24,10.49,S,500
09:57:24,10.49,S,1000
09:57:24,10.49,S,2200
09:57:24,10.49,S,10000
09:57:24,10.49,S,200
09:57:24,10.49,S,3000
09:57:24,10.49,S,3350
09:57:24,10.5,S,1300
09:57:25,10.5,S,1000
09:57:25,10.5,S,600
09:57:25,10.5,S,1000
09:57:25,10.5,S,400
09:57:26,10.5,S,1000
09:57:26,10.49,S,600
09:57:26,10.49,S,1050
09:57:26,10.49,S,550
09:57:28,10.49,S,450
09:57:28,10.49,S,200
09:57:28,10.49,S,500
09:57:28,10.49,S,450
09:57:28,10.5,B,500
09:57:28,10.5,B,400
09:57:28,10.49,S,4800
09:57:29,10.49,S,3200
09:57:29,10.49,S,1600
09:57:30,10.5,B,900
09:57:30,10.49,S,1600
09:57:30,10.5,B,3000
09:57:30,10.5,B,100
09:57:30,10.51,B,200
09:57:30,10.51,B,700
09:57:31,10.5,S,1000
09:57:31,10.49,S,3800
09:57:31,10.5,S,3200
09:57:31,10.49,S,16600
09:57:32,10.5,S,300
09:57:32,10.5,S,3000
09:57:32,10.49,S,3500
09:57:33,10.49,S,200
09:57:33,10.5,S,3200
09:57:34,10.5,S,100
09:57:34,10.5,S,2200
09:57:34,10.5,S,500
09:57:34,10.5,S,500
09:57:35,10.5,S,100
09:57:35,10.5,S,300
09:57:36,10.5,S,2100
09:57:36,10.5,S,1400
09:57:36,10.5,S,800
09:57:36,10.5,S,300
09:57:36,10.5,S,200
09:57:36,10.5,S,800
09:57:36,10.5,S,1000
09:57:36,10.5,B,400
09:57:36,10.5,B,5200
09:57:37,10.5,S,300
09:57:37,10.5,S,11100
09:57:37,10.5,S,6500
09:57:37,10.5,S,500
09:57:37,10.5,S,6900
09:57:37,10.5,S,9000
09:57:38,10.5,S,1500
09:57:39,10.5,S,1000
09:57:40,10.5,S,1000
09:57:41,10.5,S,1000
09:57:41,10.5,S,4000
09:57:41,10.5,S,200
09:57:41,10.51,B,100
09:57:42,10.5,S,1000
09:57:42,10.5,S,100
09:57:43,10.5,S,300
09:57:43,10.51,B,200
09:57:43,10.51,B,200
09:57:44,10.5,S,500
09:57:44,10.5,S,2000
09:57:45,10.51,B,1300
09:57:45,10.5,S,1000
09:57:46,10.5,S,100
09:57:48,10.5,S,400
09:57:48,10.5,S,200
09:57:48,10.5,S,900
09:57:49,10.5,S,100
09:57:49,10.5,S,1800
09:57:50,10.5,S,400
09:57:50,10.5,S,700
09:57:50,10.5,S,300
09:57:50,10.5,S,600
09:57:51,10.5,S,100
09:57:52,10.51,B,700
09:57:52,10.51,B,8300
09:57:52,10.51,B,100
09:57:52,10.51,B,2000
09:57:52,10.51,B,200
09:57:52,10.51,B,400
09:57:53,10.51,B,500
09:57:54,10.5,S,200
09:57:55,10.5,S,1000
09:57:55,10.5,S,100
09:57:55,10.5,S,900
09:57:56,10.5,S,100
09:57:56,10.5,S,100
09:57:57,10.51,B,100
09:57:57,10.51,B,1700
09:57:57,10.51,B,5000
09:57:57,10.51,B,100
09:57:57,10.51,B,4000
09:57:57,10.51,B,1000
09:57:57,10.51,B,400
09:57:59,10.51,B,100
09:57:59,10.51,B,900
09:57:59,10.5,S,100
09:58:00,10.51,B,200
09:58:00,10.51,B,100
09:58:00,10.51,B,600
09:58:00,10.51,B,1400
09:58:00,10.51,B,500
09:58:00,10.51,B,500
09:58:00,10.51,B,500
09:58:01,10.5,S,200
09:58:01,10.5,S,1000
09:58:02,10.51,B,1000
09:58:03,10.51,B,300
09:58:04,10.51,B,1700
09:58:04,10.51,B,2800
09:58:05,10.51,B,1500
09:58:06,10.51,B,200
09:58:07,10.51,B,1000
09:58:07,10.51,B,3000
09:58:08,10.5,S,500
09:58:09,10.5,S,100
09:58:09,10.51,B,700
09:58:10,10.5,S,7800
09:58:10,10.5,S,10000
09:58:10,10.5,S,1000
09:58:10,10.5,S,500
09:58:10,10.5,S,1000
09:58:10,10.5,S,300
09:58:10,10.5,S,1000
09:58:10,10.5,S,500
09:58:10,10.5,S,100
09:58:10,10.5,S,500
09:58:10,10.5,S,6400
09:58:10,10.5,S,2400
09:58:10,10.5,S,100
09:58:10,10.5,S,400
09:58:10,10.5,S,500
09:58:10,10.5,S,3000
09:58:10,10.5,S,800
09:58:10,10.5,S,400
09:58:10,10.5,S,30000
09:58:10,10.5,S,1000
09:58:10,10.5,S,4000
09:58:10,10.5,S,7300
09:58:10,10.5,S,1000
09:58:10,10.5,S,1400
09:58:10,10.5,S,5000
09:58:10,10.5,S,4000
09:58:10,10.5,S,1000
09:58:10,10.5,S,100
09:58:10,10.5,S,5000
09:58:10,10.5,S,1500
09:58:10,10.5,S,700
09:58:10,10.5,S,5000
09:58:10,10.5,S,1500
09:58:10,10.5,S,1000
09:58:10,10.49,S,4250
09:58:10,10.49,S,300
09:58:10,10.49,S,100
09:58:10,10.49,S,500
09:58:10,10.49,S,100
09:58:10,10.49,S,1200
09:58:10,10.49,S,10000
09:58:10,10.49,S,1500
09:58:10,10.49,S,500
09:58:10,10.49,S,2000
09:58:10,10.49,S,5700
09:58:10,10.49,S,67650
09:58:10,10.51,B,20800
09:58:10,10.51,B,300
09:58:10,10.51,B,1000
09:58:10,10.51,B,7900
09:58:11,10.51,B,6100
09:58:11,10.51,B,1000
09:58:11,10.51,B,2900
09:58:12,10.51,B,3000
09:58:13,10.51,B,1000
09:58:14,10.5,S,200
09:58:14,10.5,S,1000
09:58:14,10.51,B,3100
09:58:14,10.51,B,1000
09:58:14,10.51,S,100
09:58:16,10.51,S,1600
09:58:16,10.51,S,2000
09:58:16,10.51,S,2000
09:58:17,10.51,S,200
09:58:17,10.51,S,300
09:58:17,10.51,S,500
09:58:17,10.51,S,500
09:58:17,10.51,S,16800
09:58:17,10.51,S,300
09:58:17,10.51,S,400
09:58:17,10.51,S,800
09:58:17,10.5,S,1800
09:58:17,10.5,S,3000
09:58:17,10.5,B,1000
09:58:18,10.5,B,2400
09:58:19,10.5,B,100
09:58:19,10.5,B,7000
09:58:20,10.5,B,1000
09:58:21,10.5,B,1500
09:58:21,10.5,B,200
09:58:23,10.5,S,1000
09:58:23,10.5,S,200
09:58:23,10.51,B,500
09:58:23,10.51,B,1000
09:58:23,10.51,B,600
09:58:23,10.51,B,400
09:58:23,10.51,B,500
09:58:24,10.51,S,49100
09:58:24,10.5,S,900
09:58:24,10.51,S,1000
09:58:24,10.5,S,300
09:58:25,10.51,B,400
09:58:26,10.51,B,1000
09:58:26,10.51,B,1100
09:58:27,10.51,S,300
09:58:27,10.5,S,1600
09:58:27,10.51,B,200
09:58:27,10.51,B,15800
09:58:28,10.5,S,2700
09:58:28,10.5,S,2400
09:58:29,10.5,S,1500
09:58:29,10.5,S,200
09:58:29,10.5,S,500
09:58:29,10.5,S,1000
09:58:29,10.5,S,1000
09:58:29,10.5,S,200
09:58:29,10.5,S,3600
09:58:29,10.5,S,100
09:58:30,10.5,S,100
09:58:33,10.51,B,5800
09:58:33,10.51,B,2000
09:58:33,10.5,S,500
09:58:34,10.5,S,2000
09:58:34,10.5,S,10000
09:58:34,10.5,S,2500
09:58:34,10.5,S,100
09:58:34,10.5,S,300
09:58:34,10.5,S,1000
09:58:34,10.5,S,2300
09:58:34,10.5,S,1100
09:58:34,10.49,S,3000
09:58:35,10.5,B,600
09:58:35,10.5,B,10000
09:58:35,10.5,B,4700
09:58:35,10.5,B,5800
09:58:36,10.5,S,8500
09:58:36,10.49,S,16300
09:58:36,10.49,S,3000
09:58:36,10.5,S,600
09:58:36,10.5,B,50000
09:58:37,10.5,B,2000
09:58:37,10.5,B,1100
09:58:37,10.49,S,1000
09:58:37,10.5,B,5000
09:58:39,10.5,B,10000
09:58:40,10.49,S,1100
09:58:40,10.49,S,1700
09:58:40,10.49,S,1000
09:58:40,10.5,B,4000
09:58:41,10.49,S,1000
09:58:42,10.5,B,10000
09:58:42,10.5,B,1000
09:58:42,10.5,B,2900
09:58:42,10.5,B,10000
09:58:43,10.49,S,300
09:58:43,10.5,B,2600
09:58:43,10.5,B,900
09:58:44,10.5,B,2900
