Time,Price,BuySell,Volume
09:25:05,27.76,B,2
09:25:05,27.76,B,69
09:25:05,27.76,S,229
09:25:05,27.76,S,171
09:25:05,27.76,S,29
09:25:05,27.76,S,300
09:25:05,27.76,S,71
09:25:05,27.76,S,29
09:25:05,27.76,B,171
09:25:05,27.76,B,29
09:25:05,27.76,S,171
09:25:05,27.76,S,100
09:25:05,27.76,S,229
09:25:05,27.76,S,171
09:25:05,27.76,S,29
09:25:05,27.76,S,300
09:25:05,27.76,S,71
09:25:05,27.76,S,129
09:25:05,27.76,S,271
09:25:05,27.76,S,29
09:25:05,27.76,S,71
09:25:05,27.76,S,29
09:25:05,27.76,S,100
09:25:05,27.76,S,300
09:25:05,27.76,S,500
09:25:05,27.76,S,500
09:25:05,27.76,S,5771
09:25:05,27.76,S,400
09:25:05,27.76,S,1000
09:25:05,27.76,B,100
09:25:05,27.76,S,1500
09:25:05,27.76,S,600
09:25:05,27.76,S,629
09:25:05,27.76,S,100
09:25:05,27.76,S,771
09:25:05,27.76,S,229
09:25:05,27.76,S,700
09:25:05,27.76,S,71
09:25:05,27.76,S,129
09:25:05,27.76,S,100
09:25:05,27.76,S,200
09:30:02,27.7,S,300
09:30:02,27.67,S,800
09:30:02,27.65,S,300
09:30:02,27.6,S,300
09:30:02,27.6,S,500
09:30:02,27.6,B,300
09:30:02,27.6,B,300
09:30:02,27.6,B,100
09:30:03,27.6,B,400
09:30:03,27.69,B,100
09:30:03,27.69,B,300
09:30:03,27.7,B,2700
09:30:03,27.7,B,1100
09:30:03,27.67,B,600
09:30:03,27.7,B,400
09:30:04,27.7,B,200
09:30:04,27.7,B,1200
09:30:04,27.7,B,600
09:30:04,27.7,B,1900
09:30:04,27.7,B,5000
09:30:04,27.7,B,1000
09:30:04,27.7,B,200
09:30:04,27.7,B,800
09:30:04,27.7,B,500
09:30:04,27.74,B,2000
09:30:04,27.76,B,1971
09:30:04,27.76,B,600
09:30:04,27.76,B,300
09:30:04,27.76,B,200
09:30:05,27.76,S,100
09:30:05,27.76,S,500
09:30:05,27.76,S,100
09:30:05,27.76,S,400
09:30:06,27.76,S,300
09:30:06,27.76,S,100
09:30:06,27.76,S,2000
09:30:06,27.76,S,600
09:30:07,27.76,S,500
09:30:07,27.76,S,1000
09:30:07,27.76,S,29
09:30:07,27.76,S,71
09:30:07,27.76,S,429
09:30:07,27.76,S,71
09:30:07,27.76,S,400
09:30:08,27.76,S,100
09:30:08,27.76,S,2329
09:30:08,27.76,S,300
09:30:09,27.75,S,200
09:30:09,27.66,S,1500
09:30:09,27.62,S,300
09:30:09,27.61,S,500
09:30:09,27.6,S,400
09:30:09,27.6,S,1000
09:30:09,27.6,S,400
09:30:09,27.6,S,3000
09:30:09,27.58,S,1100
09:30:09,27.55,S,1000
09:30:09,27.53,S,3000
09:30:09,27.52,S,4000
09:30:09,27.51,S,2000
09:30:09,27.51,S,500
09:30:09,27.51,S,800
09:30:09,27.51,S,400
09:30:09,27.51,S,500
09:30:09,27.51,S,1000
09:30:09,27.51,S,1000
09:30:09,27.5,S,500
09:30:09,27.5,S,1900
09:30:09,27.7,S,100
09:30:10,27.67,B,100
09:30:10,27.73,B,300
09:30:11,27.76,B,2371
09:30:11,27.76,B,200
09:30:11,27.76,S,27229
09:30:12,27.75,S,800
09:30:12,27.75,S,500
09:30:12,27.75,S,500
09:30:17,27.75,S,200
09:30:17,27.72,S,100
09:30:20,27.7,B,200
09:30:26,27.61,S,300
09:30:26,27.6,S,200
09:30:28,27.7,B,400
09:30:28,27.7,B,100
09:30:36,27.66,S,100
09:30:37,27.7,B,300
09:30:37,27.7,B,500
09:30:42,27.66,S,300
09:30:42,27.7,B,100
09:30:45,27.66,S,100
09:30:49,27.7,B,1100
09:30:50,27.71,B,500
09:30:50,27.75,B,100
09:30:50,27.76,B,1400
09:30:54,27.66,S,100
09:30:54,27.66,S,300
09:30:57,27.63,S,300
09:30:57,27.63,S,200
09:30:57,27.6,S,300
09:31:03,27.6,S,500
09:31:03,27.53,S,500
09:31:03,27.52,S,1000
09:31:03,27.51,S,300
09:31:08,27.58,B,500
09:31:13,27.58,B,300
09:31:21,27.55,S,600
09:31:25,27.58,S,100
09:31:27,27.58,S,1900
09:31:27,27.58,S,300
09:31:28,27.58,S,700
09:31:28,27.58,S,300
09:31:30,27.58,S,300
09:31:39,27.59,S,100
09:31:39,27.58,B,200
09:31:39,27.58,B,200
09:31:40,27.58,S,400
09:31:42,27.58,S,500
09:31:42,27.58,S,200
09:31:43,27.58,S,300
09:31:44,27.6,B,500
09:31:44,27.58,S,500
09:31:47,27.58,S,900
09:31:48,27.6,B,2200
09:31:48,27.6,B,4000
09:31:49,27.6,S,2200
09:31:49,27.6,S,200
09:31:51,27.6,S,800
09:31:51,27.6,S,2400
09:31:54,27.6,S,200
09:31:55,27.58,S,400
09:31:55,27.58,S,700
09:31:55,27.58,S,400
09:31:56,27.58,S,700
09:32:00,27.58,S,5600
09:32:00,27.59,B,200
09:32:02,27.6,B,4000
09:32:02,27.58,S,500
09:32:03,27.59,B,400
09:32:03,27.6,B,600
09:32:05,27.6,B,500
09:32:06,27.6,B,900
09:32:06,27.64,B,200
09:32:07,27.64,S,300
09:32:07,27.6,S,500
09:32:08,27.6,S,600
09:32:08,27.6,S,1000
09:32:08,27.6,S,100
09:32:08,27.59,S,3200
09:32:10,27.59,S,2000
09:32:10,27.6,B,300
09:32:11,27.59,S,400
09:32:11,27.59,S,300
09:32:12,27.6,B,200
09:32:12,27.6,B,300
09:32:12,27.59,S,1200
09:32:13,27.6,B,600
09:32:15,27.59,S,100
09:32:15,27.6,B,3200
09:32:15,27.6,B,1000
09:32:15,27.6,B,500
09:32:15,27.62,S,400
09:32:16,27.62,S,400
09:32:16,27.62,S,200
09:32:16,27.62,S,200
09:32:16,27.6,S,300
09:32:16,27.59,S,1300
09:32:18,27.59,S,800
09:32:19,27.6,B,1000
09:32:22,27.6,S,1000
09:32:23,27.6,S,300
09:32:26,27.61,S,4000
09:32:26,27.61,S,1600
09:32:28,27.61,S,1600
09:32:28,27.61,S,1200
09:32:28,27.61,S,100
09:32:29,27.61,S,800
09:32:30,27.61,S,8100
09:32:30,27.6,S,7600
09:32:30,27.6,S,1000
09:32:30,27.6,S,100
09:32:30,27.6,S,500
09:32:30,27.6,S,500
09:32:30,27.6,S,500
09:32:30,27.6,S,200
09:32:30,27.6,S,500
09:32:30,27.59,S,4300
09:32:31,27.6,B,200
09:32:32,27.6,B,200
09:32:32,27.65,B,200
09:32:33,27.65,B,200
09:32:34,27.61,S,500
09:32:35,27.61,S,400
09:32:36,27.61,S,100
09:32:38,27.62,S,200
09:32:38,27.61,S,200
09:32:38,27.61,S,200
09:32:39,27.65,B,500
09:32:39,27.65,B,1000
09:32:39,27.65,B,400
09:32:39,27.65,B,300
09:32:39,27.65,B,400
09:32:39,27.65,B,400
09:32:39,27.65,B,400
09:32:39,27.65,B,400
09:32:39,27.66,B,200
09:32:39,27.68,B,200
09:32:39,27.7,B,2800
09:32:39,27.74,B,800
09:32:39,27.75,B,200
09:32:39,27.75,B,200
09:32:39,27.76,B,1171
09:32:39,27.76,B,100
09:32:39,27.76,B,5000
09:32:39,27.77,B,3402
09:32:39,27.78,B,7127
09:32:39,27.61,S,300
09:32:39,27.65,B,1200
09:32:39,27.65,S,200
09:32:40,27.61,S,18200
09:32:40,27.6,S,500
09:32:40,27.6,S,100
09:32:40,27.6,S,1000
09:32:40,27.6,S,500
09:32:40,27.59,S,3800
09:32:40,27.59,S,200
09:32:40,27.59,S,500
09:32:40,27.59,S,200
09:32:40,27.59,S,1800
09:32:41,27.6,S,1000
09:32:42,27.59,S,200
09:32:42,27.58,S,200
09:32:42,27.58,S,800
09:32:42,27.58,S,600
09:32:42,27.58,S,200
09:32:43,27.58,S,1200
09:32:43,27.58,S,1100
09:32:43,27.58,S,300
09:32:43,27.58,S,200
09:32:43,27.58,S,300
09:32:43,27.58,S,500
09:32:43,27.58,S,800
09:32:43,27.58,S,400
09:32:44,27.6,S,200
09:32:44,27.58,S,200
09:32:44,27.58,S,400
09:32:45,27.61,B,800
09:32:45,27.61,S,200
09:32:46,27.6,S,100
09:32:46,27.61,B,600
09:32:48,27.65,B,400
09:32:48,27.65,B,400
09:32:48,27.65,B,2900
09:32:51,27.7,S,1000
09:32:51,27.7,S,1300
09:32:51,27.62,S,200
09:32:51,27.62,S,500
09:32:52,27.61,B,100
09:32:53,27.61,B,400
09:32:59,27.6,S,1000
09:32:59,27.6,S,800
09:32:59,27.6,S,100
09:32:59,27.6,S,300
09:33:00,27.6,S,1700
09:33:02,27.61,B,100
09:33:02,27.61,B,900
09:33:02,27.61,B,100
09:33:02,27.61,B,400
09:33:03,27.67,S,1000
09:33:04,27.67,S,400
09:33:06,27.67,S,1000
09:33:07,27.67,S,7600
09:33:07,27.67,S,600
09:33:19,27.75,B,500
09:33:19,27.77,B,500
09:33:20,27.77,B,600
09:33:24,27.77,B,2000
09:33:24,27.75,S,400
09:33:28,27.75,S,300
09:33:32,27.77,B,300
09:33:34,27.75,S,200
09:33:37,27.77,B,1000
09:33:43,27.77,B,200
09:33:44,27.77,B,200
09:33:46,27.77,B,200
09:33:46,27.77,B,400
09:33:46,27.77,B,100
09:33:46,27.77,B,300
09:33:47,27.76,S,100
09:33:47,27.75,S,400
09:33:47,27.77,B,1400
09:33:48,27.75,S,700
09:33:49,27.75,B,1000
09:33:51,27.75,B,400
09:33:51,27.77,B,1100
09:33:53,27.77,S,100
09:33:58,27.78,B,200
09:34:03,27.78,B,400
09:34:03,27.78,B,1000
09:34:04,27.77,S,600
09:34:09,27.77,S,300
09:34:11,27.78,B,200
09:34:11,27.77,S,100
09:34:17,27.78,B,500
09:34:18,27.78,B,10873
09:34:18,27.78,B,800
09:34:18,27.78,B,400
09:34:23,27.78,S,2027
09:34:23,27.78,S,1973
09:34:24,27.78,S,1627
09:34:24,27.77,S,2273
09:34:25,27.77,S,800
09:34:27,27.77,S,27
09:34:27,27.77,S,473
09:34:28,27.79,B,1000
09:34:28,27.79,B,1000
09:34:28,27.79,B,1000
09:34:28,27.79,B,200
09:34:28,27.79,B,400
09:34:28,27.79,B,7000
09:34:28,27.79,B,500
09:34:28,27.79,B,600
09:34:28,27.79,B,400
09:34:28,27.8,B,100
09:34:28,27.8,B,300
09:34:28,27.8,B,500
09:34:33,27.8,S,100
09:34:34,27.81,B,400
09:34:38,27.81,B,600
09:34:40,27.82,B,700
09:34:40,27.82,S,1300
09:34:40,27.82,S,800
09:34:45,27.82,S,200
09:34:50,27.81,S,1400
09:34:53,27.85,B,200
09:34:53,27.85,B,400
09:34:55,27.85,B,100
09:34:55,27.85,B,200
09:34:55,27.85,B,400
09:35:00,27.85,S,800
09:35:00,27.85,S,500
09:35:05,27.86,B,3900
09:35:05,27.85,S,100
09:35:05,27.85,S,100
09:35:09,27.85,S,1000
09:35:09,27.85,S,400
09:35:09,27.85,S,100
09:35:09,27.85,S,100
09:35:09,27.85,S,1200
09:35:09,27.85,S,100
09:35:10,27.86,B,1000
09:35:10,27.85,S,700
09:35:10,27.85,S,2300
09:35:11,27.85,S,1500
09:35:11,27.85,S,6500
09:35:12,27.86,B,5100
09:35:12,27.86,B,100
09:35:12,27.87,B,1800
09:35:13,27.87,B,200
09:35:13,27.88,B,200
09:35:13,27.88,B,100
09:35:14,27.88,S,500
09:35:16,27.88,S,100
09:35:17,27.88,S,100
09:35:17,27.86,S,500
09:35:27,27.86,S,300
09:35:27,27.86,S,100
09:35:32,27.86,S,300
09:35:32,27.87,B,300
09:35:32,27.89,B,400
09:35:32,27.89,B,500
09:35:32,27.89,B,500
09:35:32,27.89,B,100
09:35:36,27.91,S,400
09:35:37,27.91,S,200
09:35:38,27.91,S,500
09:35:39,27.91,S,100
09:35:39,27.91,S,8800
09:35:39,27.9,S,200
09:35:41,27.9,S,200
09:35:45,27.9,S,273
09:35:50,27.9,S,527
09:35:50,27.89,S,100
09:35:50,27.89,S,2373
09:35:56,27.93,B,700
09:35:58,27.93,B,3000
09:35:58,27.9,S,500
09:35:58,27.89,S,400
09:36:01,27.93,B,1000
09:36:05,27.9,S,300
09:36:09,27.9,S,700
09:36:09,27.91,B,1400
09:36:12,27.9,B,1500
09:36:13,27.89,S,100
09:36:14,27.9,B,400
09:36:14,27.9,B,100
09:36:15,27.9,S,1400
09:36:15,27.89,S,2600
09:36:16,27.89,S,4700
09:36:16,27.89,S,15827
09:36:16,27.89,S,100
09:36:16,27.89,S,100
09:36:17,27.89,B,9800
09:36:18,27.89,B,100
09:36:18,27.89,B,500
09:36:19,27.87,S,500
09:36:19,27.87,S,100
09:36:19,27.87,S,200
09:36:21,27.89,B,3000
09:36:22,27.89,B,500
09:36:23,27.89,B,73
09:36:23,27.89,B,127
09:36:24,27.89,B,573
09:36:24,27.89,B,27
09:36:25,27.87,S,500
09:36:25,27.87,S,1000
09:36:25,27.87,S,200
09:36:25,27.87,S,3000
09:36:25,27.86,S,4300
09:36:25,27.89,B,873
09:36:25,27.89,B,27
09:36:26,27.86,S,300
09:36:26,27.86,S,400
09:36:26,27.86,S,400
09:36:26,27.86,S,800
09:36:26,27.86,S,9650
09:36:27,27.86,S,400
09:36:30,27.86,S,350
09:36:30,27.86,S,200
09:36:30,27.86,S,1000
09:36:30,27.86,S,500
09:36:30,27.86,S,200
09:36:30,27.86,S,50
09:36:31,27.87,B,200
09:36:32,27.86,S,50
09:36:34,27.86,B,200
09:36:37,27.85,S,400
09:36:37,27.85,S,11000
09:36:37,27.85,S,200
09:36:37,27.85,S,2000
09:36:37,27.85,S,1000
09:36:37,27.85,S,500
09:36:37,27.85,S,100
09:36:37,27.85,S,500
09:36:37,27.85,S,500
09:36:37,27.85,S,800
09:36:37,27.85,S,500
09:36:37,27.82,S,1200
09:36:39,27.85,B,100
09:36:39,27.85,B,300
09:36:39,27.85,B,200
09:36:40,27.86,B,100
09:36:41,27.82,S,400
09:36:42,27.85,B,50
09:36:42,27.86,B,100
09:36:42,27.86,B,450
09:36:43,27.84,B,300
09:36:43,27.82,S,400
09:36:44,27.82,S,800
09:36:44,27.82,S,600
09:36:49,27.82,S,200
09:36:51,27.82,S,300
09:36:52,27.82,S,1000
09:36:52,27.84,B,400
09:36:52,27.82,S,300
09:36:56,27.83,B,300
09:36:56,27.84,B,200
09:36:57,27.82,S,400
09:36:57,27.82,S,400
09:36:57,27.82,S,400
09:37:00,27.82,S,200
09:37:02,27.82,S,2700
09:37:02,27.81,S,500
09:37:02,27.81,S,400
09:37:02,27.81,S,4200
09:37:02,27.81,S,200
09:37:02,27.8,S,10300
09:37:02,27.8,S,1000
09:37:02,27.8,S,200
09:37:08,27.8,B,9800
09:37:10,27.78,S,100
09:37:10,27.78,S,100
09:37:10,27.78,S,400
09:37:10,27.78,S,1000
09:37:10,27.77,S,27
09:37:10,27.77,S,773
09:37:11,27.77,S,3500
09:37:15,27.78,B,600
09:37:15,27.8,B,400
09:37:16,27.77,S,400
09:37:20,27.77,S,5000
09:37:24,27.77,S,300
09:37:26,27.77,S,900
09:37:26,27.78,B,2000
09:37:26,27.77,S,400
09:37:31,27.77,S,200
09:37:31,27.77,S,2627
09:37:31,27.77,S,973
09:37:34,27.78,B,1000
09:37:34,27.77,S,700
09:37:35,27.77,S,1000
09:37:35,27.77,S,127
09:37:35,27.77,S,200
09:37:35,27.77,S,173
09:37:36,27.77,S,327
09:37:36,27.77,S,200
09:37:38,27.76,S,300
09:37:39,27.76,S,200
09:37:39,27.75,S,100
09:37:40,27.77,B,300
09:37:41,27.75,S,400
09:37:45,27.75,S,900
09:37:46,27.76,B,500
09:37:48,27.76,B,2000
09:37:51,27.76,B,900
09:37:51,27.77,B,73
09:37:51,27.77,B,27
09:37:52,27.75,S,100
09:37:52,27.75,S,300
09:37:57,27.76,B,300
09:38:00,27.76,B,1800
09:38:01,27.75,S,500
09:38:06,27.74,B,500
09:38:06,27.75,B,500
09:38:07,27.71,S,500
09:38:07,27.7,S,200
09:38:07,27.7,S,1300
09:38:17,27.74,B,200
09:38:17,27.74,B,200
09:38:17,27.75,B,100
09:38:21,27.74,B,500
09:38:21,27.74,B,200
09:38:21,27.71,S,1800
09:38:21,27.7,S,200
09:38:21,27.7,S,500
09:38:21,27.7,S,400
09:38:21,27.7,S,100
09:38:21,27.7,S,500
09:38:29,27.7,B,1000
09:38:32,27.7,B,1800
09:38:32,27.68,S,800
09:38:41,27.69,B,100
09:38:41,27.69,B,900
09:38:41,27.69,B,100
09:38:41,27.7,B,600
09:38:43,27.7,B,1000
09:38:47,27.68,S,500
09:38:48,27.68,S,700
09:38:48,27.68,S,200
09:38:48,27.68,S,100
09:38:48,27.7,B,200
09:38:49,27.68,S,100
09:38:49,27.68,S,300
09:38:50,27.66,B,500
09:38:52,27.65,S,100
09:38:52,27.65,S,100
09:38:52,27.63,S,800
09:38:56,27.66,B,1000
09:38:56,27.63,S,3200
09:38:58,27.66,B,200
09:39:03,27.63,S,3000
09:39:04,27.63,S,3000
09:39:04,27.63,B,800
09:39:05,27.63,B,1173
09:39:05,27.65,B,500
09:39:05,27.65,S,1327
09:39:06,27.62,S,100
09:39:07,27.65,B,173
09:39:07,27.66,B,27
09:39:08,27.63,B,400
09:39:08,27.65,B,1700
09:39:08,27.66,B,173
09:39:08,27.68,B,200
09:39:08,27.68,B,1427
09:39:09,27.66,S,200
09:39:09,27.63,B,200
09:39:11,27.62,S,400
09:39:11,27.62,S,100
09:39:12,27.63,B,100
09:39:12,27.66,S,500
09:39:13,27.66,S,100
09:39:13,27.66,S,100
09:39:13,27.63,S,500
09:39:14,27.62,S,300
09:39:17,27.63,B,2000
09:39:17,27.63,B,4000
09:39:17,27.63,B,500
09:39:17,27.68,B,100
09:39:21,27.62,S,100
09:39:22,27.62,S,500
09:39:22,27.62,S,700
09:39:25,27.62,S,200
09:39:25,27.62,S,500
09:39:25,27.62,B,100
09:39:27,27.61,S,500
09:39:27,27.61,S,1000
09:39:27,27.61,S,100
09:39:27,27.61,S,500
09:39:27,27.61,S,100
09:39:27,27.61,S,100
09:39:27,27.61,S,300
09:39:27,27.62,B,100
09:39:27,27.65,B,200
09:39:31,27.62,B,100
09:39:32,27.63,S,300
09:39:32,27.63,S,1600
09:39:32,27.61,S,500
09:39:32,27.61,S,900
09:39:35,27.63,S,600
09:39:35,27.62,B,200
09:39:35,27.62,B,100
09:39:35,27.62,B,700
09:39:36,27.62,B,100
09:39:36,27.62,B,300
09:39:36,27.62,B,800
09:39:36,27.62,B,300
09:39:36,27.65,B,500
09:39:37,27.67,B,500
09:39:38,27.65,S,300
09:39:38,27.65,S,900
09:39:39,27.65,S,200
09:39:40,27.65,S,500
09:39:40,27.67,B,300
09:39:40,27.68,B,200
09:39:40,27.68,B,200
09:39:41,27.65,S,4900
09:39:41,27.64,S,1000
09:39:41,27.61,S,900
09:39:41,27.61,S,300
09:39:42,27.61,S,200
09:39:42,27.61,S,100
09:39:43,27.62,S,1000
09:39:43,27.62,S,1000
09:39:43,27.61,S,1900
09:39:43,27.61,S,2000
09:39:43,27.61,S,2000
09:39:43,27.61,S,400
09:39:43,27.61,S,1000
09:39:43,27.6,S,5200
09:39:43,27.6,S,200
09:39:43,27.6,S,2000
09:39:43,27.6,S,1000
09:39:43,27.6,S,100
09:39:43,27.6,S,500
09:39:43,27.6,S,200
09:39:43,27.6,S,300
09:39:43,27.6,S,200
09:39:43,27.6,S,5000
09:39:43,27.6,S,1000
09:39:43,27.6,S,1000
09:39:43,27.6,S,1000
09:39:43,27.6,S,13400
09:39:44,27.6,S,1200
09:39:44,27.6,S,1000
09:39:44,27.6,S,400
09:39:44,27.6,S,700
09:39:44,27.6,S,1500
09:39:44,27.6,S,200
09:39:44,27.6,B,500
09:39:45,27.6,B,3100
09:39:46,27.6,B,5400
09:39:48,27.6,B,3000
09:39:49,27.6,B,100
09:39:49,27.6,B,500
09:39:54,27.6,B,400
09:39:55,27.6,B,100
09:39:55,27.6,B,500
09:39:57,27.6,B,500
09:39:57,27.6,B,400
09:39:58,27.59,S,700
09:39:58,27.59,S,500
09:39:58,27.59,S,6800
09:40:00,27.59,S,1500
09:40:00,27.59,S,500
09:40:01,27.6,B,300
09:40:01,27.59,S,2900
09:40:01,27.59,S,100
09:40:02,27.59,B,300
09:40:02,27.59,B,700
09:40:02,27.6,B,4300
09:40:04,27.6,B,1800
09:40:04,27.6,B,500
09:40:04,27.6,B,300
09:40:04,27.6,S,2000
09:40:06,27.6,S,3000
09:40:07,27.6,S,100
09:40:08,27.6,S,800
09:40:09,27.61,B,500
09:40:09,27.61,B,2200
09:40:09,27.61,B,500
09:40:10,27.61,S,100
09:40:10,27.6,S,300
09:40:10,27.6,S,500
09:40:12,27.6,S,700
09:40:12,27.6,S,9400
09:40:15,27.61,S,200
09:40:15,27.61,S,100
09:40:15,27.6,S,100
09:40:16,27.6,S,500
09:40:20,27.61,S,200
09:40:22,27.61,S,2500
09:40:22,27.61,S,5000
09:40:22,27.61,S,1100
09:40:22,27.6,S,15700
09:40:23,27.61,S,500
09:40:24,27.61,S,500
09:40:24,27.6,S,1500
09:40:25,27.61,S,200
09:40:25,27.61,S,100
09:40:25,27.6,S,4700
09:40:25,27.6,S,500
09:40:27,27.67,B,100
09:40:27,27.67,B,400
09:40:27,27.67,B,100
09:40:28,27.61,S,300
09:40:28,27.67,B,500
09:40:28,27.68,B,100
09:40:28,27.68,B,3000
09:40:28,27.68,B,4000
09:40:33,27.61,S,100
09:40:39,27.68,B,1200
09:40:39,27.7,B,1787
09:40:39,27.7,B,713
09:40:39,27.67,S,800
09:40:39,27.67,S,200
09:40:41,27.67,S,200
09:40:41,27.61,S,100
09:40:43,27.67,S,1000
09:40:43,27.62,S,200
09:40:45,27.68,S,300
09:40:45,27.62,S,800
09:40:45,27.61,S,100
09:40:46,27.7,B,1000
09:40:50,27.63,S,900
09:40:51,27.63,S,1800
09:40:51,27.62,S,7700
09:40:51,27.61,S,1400
09:40:51,27.61,S,100
09:40:51,27.61,S,2000
09:40:52,27.61,S,100
09:40:52,27.61,S,2900
09:40:52,27.61,S,500
09:40:55,27.65,B,100
09:40:55,27.67,B,700
09:40:56,27.67,B,300
09:40:56,27.67,B,800
09:40:59,27.67,S,200
09:41:02,27.7,B,1000
09:41:03,27.67,S,1300
09:41:03,27.67,S,200
09:41:05,27.67,S,300
09:41:06,27.67,S,1000
09:41:08,27.67,S,1600
09:41:08,27.67,S,500
09:41:08,27.67,S,900
09:41:11,27.67,S,100
09:41:12,27.68,B,100
09:41:12,27.7,B,2287
09:41:12,27.7,B,400
09:41:12,27.7,B,500
09:41:14,27.7,S,100
09:41:14,27.7,S,500
09:41:18,27.7,S,100
09:41:23,27.7,S,400
09:41:26,27.7,S,6813
09:41:26,27.7,S,100
09:41:26,27.7,S,360
09:41:31,27.74,B,300
09:41:31,27.74,B,100
09:41:31,27.75,B,100
09:41:31,27.75,B,300
09:41:31,27.75,B,100
09:41:32,27.74,S,100
09:41:32,27.68,S,1000
09:41:32,27.68,S,400
09:41:32,27.67,S,200
09:41:33,27.75,B,500
09:41:33,27.75,S,500
09:41:33,27.7,B,3000
09:41:35,27.7,B,1000
09:41:37,27.7,B,800
09:41:41,27.7,B,300
09:41:41,27.7,B,100
09:41:43,27.69,S,900
09:41:45,27.68,B,1100
09:41:45,27.7,B,1300
09:41:48,27.7,B,3500
09:41:49,27.7,B,100
09:41:54,27.7,B,900
09:41:54,27.67,S,200
09:41:55,27.7,B,100
09:41:55,27.7,B,200
09:41:55,27.7,B,700
09:41:57,27.67,S,400
09:41:57,27.7,B,100
09:42:00,27.7,B,300
09:42:00,27.7,B,100
09:42:00,27.74,B,200
09:42:08,27.7,S,100
09:42:10,27.7,S,900
09:42:11,27.7,S,900
09:42:12,27.7,S,700
09:42:12,27.74,B,100
09:42:13,27.74,S,700
09:42:13,27.7,S,400
09:42:13,27.68,S,500
09:42:13,27.67,S,400
09:42:13,27.67,S,500
09:42:14,27.67,B,700
09:42:14,27.67,B,1300
09:42:16,27.64,S,400
09:42:16,27.63,S,300
09:42:16,27.63,S,200
09:42:19,27.67,B,500
09:42:19,27.67,B,500
09:42:22,27.67,B,100
09:42:22,27.67,B,900
09:42:23,27.74,B,1000
09:42:38,27.67,S,300
09:42:38,27.7,B,200
09:42:38,27.7,B,100
09:42:38,27.7,B,2000
09:42:38,27.74,B,1600
09:42:39,27.67,S,3300
09:42:41,27.67,S,900
09:42:45,27.67,S,1000
09:42:48,27.67,S,700
09:42:49,27.74,B,200
09:42:54,27.7,S,6700
09:42:56,27.7,S,1800
09:42:57,27.7,S,600
09:42:57,27.7,S,200
09:43:02,27.7,S,700
09:43:02,27.7,S,1100
09:43:02,27.7,S,1900
09:43:03,27.68,S,100
09:43:05,27.72,B,600
09:43:07,27.7,S,100
09:43:09,27.7,S,1300
09:43:09,27.68,S,2382
09:43:15,27.68,S,300
09:43:18,27.68,S,1100
09:43:19,27.68,S,118
09:43:19,27.68,S,500
09:43:19,27.67,S,1382
09:43:19,27.67,S,800
09:43:20,27.7,B,200
09:43:23,27.67,S,200
09:43:23,27.67,S,100
09:43:26,27.67,S,100
09:43:26,27.65,S,500
09:43:28,27.68,B,200
09:43:34,27.69,S,100
09:43:35,27.7,B,900
09:43:37,27.7,B,1100
09:43:37,27.7,B,200
09:43:38,27.72,B,2400
09:43:38,27.74,B,200
09:43:38,27.74,B,1000
09:43:38,27.74,B,1900
09:43:38,27.74,S,1000
09:43:41,27.74,S,300
09:43:41,27.74,S,100
09:43:42,27.75,B,500
09:43:42,27.75,B,200
09:43:42,27.76,B,700
09:43:42,27.76,B,100
09:43:42,27.76,B,100
09:43:43,27.74,S,100
09:43:44,27.74,S,1400
09:43:45,27.74,S,200
09:43:45,27.74,S,3900
09:43:48,27.74,S,1000
09:43:52,27.75,B,200
09:43:54,27.74,S,200
09:43:55,27.74,S,1900
09:43:55,27.74,S,1000
09:43:55,27.72,S,500
09:43:55,27.7,S,600
09:43:57,27.75,B,2500
09:43:57,27.75,B,500
09:44:00,27.75,S,300
09:44:00,27.75,S,600
09:44:01,27.7,S,600
09:44:01,27.7,S,400
09:44:02,27.75,B,2200
09:44:02,27.75,B,2800
09:44:05,27.7,S,100
09:44:07,27.7,S,72
09:44:12,27.7,S,900
09:44:14,27.7,S,400
09:44:15,27.7,S,400
09:44:19,27.7,S,100
09:44:20,27.72,B,100
09:44:20,27.74,B,100
09:44:20,27.74,B,500
09:44:24,27.7,S,400
09:44:25,27.7,S,200
09:44:25,27.7,S,28
09:44:25,27.7,S,572
09:44:26,27.7,S,428
09:44:26,27.7,S,200
09:44:26,27.7,S,272
09:44:30,27.7,S,400
09:44:34,27.7,S,600
09:44:35,27.7,S,400
09:44:37,27.7,S,800
09:44:39,27.7,S,800
09:44:39,27.7,S,900
09:44:41,27.72,S,1000
09:44:42,27.7,S,300
09:44:42,27.7,S,1500
09:44:43,27.73,B,1000
09:44:43,27.73,B,100
09:44:43,27.73,B,300
09:44:43,27.73,B,600
09:44:43,27.74,B,4400
09:44:43,27.74,B,700
09:44:43,27.74,B,1000
09:44:43,27.74,B,300
09:44:43,27.74,B,800
09:44:43,27.74,B,800
09:44:43,27.75,B,500
09:44:43,27.76,B,1500
09:44:45,27.7,S,1500
09:44:46,27.7,S,300
09:44:47,27.7,S,900
09:44:47,27.7,S,100
09:44:48,27.7,S,1000
09:44:51,27.7,S,228
09:44:55,27.7,B,300
09:44:57,27.69,S,300
09:45:02,27.69,S,400
09:45:02,27.69,S,100
09:45:03,27.7,B,100
09:45:03,27.7,B,100
09:45:05,27.69,S,100
09:45:07,27.7,B,900
09:45:07,27.7,B,1000
09:45:07,27.7,B,100
09:45:09,27.7,B,200
09:45:09,27.7,B,2000
09:45:09,27.73,B,300
09:45:09,27.73,B,100
09:45:09,27.74,B,500
09:45:09,27.75,S,1900
09:45:09,27.69,S,300
09:45:10,27.69,B,1600
09:45:11,27.69,B,2000
09:45:12,27.68,S,100
09:45:12,27.68,S,100
09:45:16,27.68,B,1000
09:45:16,27.69,B,1800
09:45:16,27.69,B,200
09:45:16,27.69,B,200
09:45:21,27.69,B,1000
09:45:26,27.69,B,2000
09:45:28,27.68,S,900
09:45:33,27.69,B,1400
09:45:33,27.68,S,100
09:45:33,27.65,S,300
09:45:33,27.65,S,200
09:45:33,27.65,S,100
09:45:33,27.65,S,100
09:45:35,27.65,S,2700
09:45:36,27.69,B,2000
09:45:38,27.68,B,2300
09:45:38,27.69,B,1887
09:45:38,27.69,B,2413
09:45:43,27.66,S,1000
09:45:43,27.65,S,500
09:45:44,27.69,B,500
09:45:51,27.69,B,200
09:46:06,27.67,S,100
09:46:11,27.67,S,300
09:46:11,27.66,S,1300
09:46:13,27.68,B,1700
09:46:14,27.69,B,2000
09:46:17,27.68,S,300
09:46:17,27.66,S,1400
09:46:18,27.66,B,800
09:46:18,27.69,B,800
09:46:19,27.65,S,400
09:46:21,27.66,B,300
09:46:29,27.65,S,400
09:46:30,27.66,B,3100
09:46:30,27.66,B,400
09:46:30,27.65,S,300
09:46:30,27.65,S,600
09:46:31,27.65,S,400
09:46:31,27.65,S,600
09:46:31,27.65,S,900
09:46:31,27.66,B,600
09:46:31,27.66,B,1000
09:46:31,27.66,B,600
09:46:31,27.65,S,100
09:46:31,27.65,S,500
09:46:33,27.65,S,200
09:46:33,27.65,S,400
09:46:33,27.65,S,200
09:46:33,27.64,S,300
09:46:33,27.63,S,300
09:46:35,27.65,B,100
09:46:36,27.63,S,500
09:46:36,27.63,S,100
09:46:36,27.63,S,1000
09:46:36,27.63,S,300
09:46:36,27.63,S,300
09:46:36,27.63,S,500
09:46:36,27.63,S,200
09:46:36,27.63,S,100
09:46:36,27.65,B,200
09:46:36,27.65,B,100
09:46:37,27.65,B,500
09:46:38,27.63,S,300
09:46:38,27.63,S,100
09:46:38,27.63,S,300
09:46:39,27.63,S,300
09:46:39,27.63,S,400
09:46:40,27.63,S,400
09:46:41,27.65,B,200
09:46:41,27.65,B,400
09:46:42,27.65,B,100
09:46:46,27.63,S,1300
09:46:46,27.63,S,1800
09:46:46,27.62,S,100
09:46:46,27.62,S,1000
09:46:46,27.62,S,400
09:46:46,27.62,S,1000
09:46:46,27.62,S,500
09:46:46,27.62,S,1000
09:46:46,27.62,S,1000
09:46:46,27.62,S,9900
09:46:46,27.62,S,100
09:46:46,27.61,S,500
09:46:46,27.61,S,3000
09:46:46,27.61,S,3000
09:46:46,27.61,S,500
09:46:46,27.61,S,100
09:46:46,27.61,S,500
09:46:46,27.61,S,200
09:46:46,27.61,S,3000
09:46:46,27.61,S,400
09:46:46,27.61,S,5000
09:46:46,27.61,S,100
09:46:46,27.61,S,1000
09:46:46,27.61,S,500
09:46:46,27.61,S,1000
09:46:46,27.61,S,1500
09:46:46,27.61,S,2400
09:46:46,27.6,S,63200
09:46:48,27.63,B,300
09:46:48,27.65,B,100
09:46:48,27.65,B,400
09:46:48,27.65,B,200
09:46:49,27.65,B,100
09:46:49,27.65,B,100
09:46:49,27.65,B,100
09:46:49,27.66,B,1772
09:46:49,27.66,B,600
09:46:49,27.67,B,2328
09:46:49,27.6,S,2300
09:46:52,27.6,S,500
09:46:56,27.63,B,300
09:46:58,27.63,S,100
09:46:59,27.63,S,100
09:46:59,27.63,S,2000
09:47:00,27.63,S,200
09:47:02,27.61,B,400
09:47:06,27.61,B,1400
09:47:06,27.62,B,600
09:47:08,27.6,S,1600
09:47:08,27.6,S,100
09:47:08,27.6,S,1000
09:47:08,27.6,S,1000
09:47:08,27.6,S,1300
09:47:09,27.6,S,100
09:47:10,27.6,S,76
09:47:13,27.62,B,400
09:47:13,27.65,B,800
09:47:13,27.65,B,3800
09:47:18,27.61,S,300
09:47:18,27.6,S,200
09:47:20,27.6,S,400
09:47:22,27.6,S,400
09:47:24,27.6,S,100
09:47:25,27.6,S,100
09:47:29,27.61,S,3600
09:47:29,27.61,S,300
09:47:31,27.63,B,2400
09:47:31,27.63,B,200
09:47:33,27.62,S,100
09:47:33,27.61,S,200
09:47:33,27.61,S,200
09:47:33,27.61,S,4800
09:47:33,27.6,S,1324
09:47:33,27.6,S,1500
09:47:33,27.6,S,500
09:47:33,27.6,S,100
09:47:33,27.6,S,100
09:47:33,27.6,S,100
09:47:33,27.6,S,300
09:47:33,27.6,S,100
09:47:33,27.6,S,800
09:47:33,27.6,S,200
09:47:33,27.6,S,176
09:47:34,27.6,S,224
09:47:34,27.6,S,200
09:47:34,27.6,S,76
09:47:35,27.6,S,1924
09:47:35,27.6,S,500
09:47:35,27.6,S,200
09:47:35,27.6,S,1000
09:47:35,27.6,S,1000
09:47:35,27.6,S,500
09:47:35,27.6,S,1000
09:47:35,27.6,S,3100
09:47:35,27.6,S,2200
09:47:35,27.6,S,300
09:47:35,27.6,S,8000
09:47:35,27.6,S,200
09:47:35,27.6,S,76
09:47:35,27.6,S,224
09:47:35,27.6,S,1000
09:47:36,27.6,B,200
09:47:36,27.6,B,200
09:47:41,27.59,S,3000
09:47:41,27.58,S,600
09:47:41,27.58,S,1000
09:47:41,27.58,S,400
09:47:45,27.58,S,100
09:47:45,27.6,B,300
09:47:49,27.59,S,100
09:47:50,27.59,B,2900
09:47:50,27.6,B,76
09:47:50,27.6,B,400
09:47:50,27.6,B,500
09:47:50,27.6,B,824
09:47:51,27.6,B,500
09:47:51,27.58,S,400
09:47:59,27.6,B,400
09:48:03,27.59,B,100
09:48:04,27.59,B,2900
09:48:04,27.6,B,1300
09:48:07,27.6,B,1500
09:48:07,27.58,S,100
09:48:07,27.58,S,500
09:48:09,27.6,B,4476
09:48:09,27.6,B,300
09:48:13,27.61,S,1900
09:48:13,27.61,S,724
09:48:17,27.58,S,500
09:48:18,27.58,S,200
09:48:18,27.58,S,600
09:48:18,27.58,S,1200
09:48:21,27.58,S,1900
09:48:22,27.59,B,900
09:48:22,27.59,B,276
09:48:22,27.6,B,124
09:48:25,27.59,S,5
09:48:25,27.6,B,876
09:48:25,27.6,S,1000
09:48:26,27.6,S,124
09:48:28,27.6,B,800
09:48:31,27.59,S,100
09:48:32,27.59,S,495
09:48:32,27.58,S,1505
09:48:32,27.58,S,395
09:48:32,27.58,S,1505
09:48:35,27.58,S,495
09:48:35,27.58,S,405
09:48:37,27.58,S,3000
09:48:38,27.58,S,2895
09:48:38,27.58,S,1000
09:48:38,27.58,S,305
09:48:39,27.6,B,76
09:48:39,27.6,B,400
09:48:41,27.6,S,400
09:48:42,27.6,S,124
09:48:42,27.59,S,500
09:48:42,27.58,S,695
09:48:42,27.58,S,12000
09:48:42,27.57,S,100
09:48:42,27.57,S,500
09:48:42,27.57,S,1000
09:48:42,27.57,S,400
09:48:42,27.57,S,2100
09:48:42,27.57,S,1300
09:48:42,27.56,S,1000
09:48:42,27.56,S,500
09:48:42,27.56,S,10000
09:48:42,27.56,S,400
09:48:42,27.55,S,9381
09:48:43,27.58,B,200
09:48:43,27.58,B,800
09:48:45,27.6,S,600
09:48:47,27.59,S,1000
09:48:50,27.59,S,1000
09:48:52,27.59,S,7200
09:48:52,27.59,S,1000
09:48:52,27.57,S,500
09:48:52,27.56,S,10000
09:48:52,27.55,S,19
09:48:52,27.55,S,600
09:48:52,27.55,S,681
09:48:56,27.6,B,400
09:48:56,27.58,S,1000
09:48:57,27.6,B,2500
09:48:58,27.6,S,333
09:49:01,27.6,S,100
09:49:04,27.6,S,100
09:49:09,27.6,S,2267
09:49:09,27.6,S,400
09:49:09,27.58,S,400
09:49:09,27.58,S,500
09:49:09,27.58,S,1433
09:49:12,27.62,B,1100
09:49:15,27.62,S,400
09:49:16,27.62,S,3000
09:49:16,27.62,S,800
09:49:17,27.62,S,100
09:49:17,27.62,S,500
09:49:19,27.62,S,200
09:49:21,27.62,S,200
09:49:22,27.62,S,3900
09:49:24,27.62,B,1500
09:49:26,27.62,B,1600
09:49:28,27.61,S,800
09:49:28,27.6,S,9100
09:49:28,27.6,S,2000
09:49:28,27.6,S,300
09:49:28,27.6,S,1000
09:49:28,27.6,S,800
09:49:28,27.6,S,1000
09:49:29,27.6,B,15000
09:49:29,27.62,B,3000
09:49:29,27.62,B,2500
09:49:29,27.62,B,1000
09:49:32,27.62,S,200
09:49:32,27.62,S,1000
09:49:33,27.62,S,600
09:49:34,27.62,S,700
09:49:35,27.62,S,1000
09:49:36,27.62,S,500
09:49:37,27.62,S,200
09:49:38,27.62,S,4300
09:49:38,27.62,S,100
09:49:38,27.6,S,500
09:49:40,27.6,B,6000
09:49:44,27.6,B,700
09:49:47,27.6,B,2400
09:49:51,27.6,B,2800
09:49:59,27.6,B,600
09:49:59,27.6,B,1958
09:49:59,27.6,B,300
09:50:01,27.6,S,1800
09:50:03,27.6,S,100
09:50:04,27.6,S,842
09:50:04,27.6,S,300
09:50:05,27.59,S,200
09:50:05,27.6,B,658
09:50:07,27.6,S,600
09:50:08,27.6,S,100
09:50:10,27.6,S,700
09:50:10,27.61,B,100
09:50:10,27.6,S,1000
09:50:11,27.6,S,600
09:50:12,27.6,S,1342
09:50:12,27.6,S,500
09:50:12,27.6,S,2200
09:50:12,27.59,S,3700
09:50:12,27.59,S,200
09:50:12,27.58,S,567
09:50:12,27.58,S,300
09:50:12,27.58,S,200
09:50:12,27.58,S,5900
09:50:12,27.58,S,300
09:50:12,27.58,S,500
09:50:12,27.58,S,191
09:50:12,27.58,S,309
09:50:12,27.57,S,891
09:50:13,27.6,B,200
09:50:15,27.6,B,300
09:50:18,27.6,B,2500
09:50:20,27.6,B,3200
09:50:22,27.6,B,500
09:50:23,27.6,B,3000
09:50:24,27.59,B,2000
09:50:33,27.59,B,400
09:50:33,27.59,B,100
09:50:33,27.57,S,100
09:50:34,27.59,B,500
09:50:36,27.6,B,7600
09:50:36,27.6,B,400
09:50:36,27.6,B,300
09:50:36,27.6,B,100
09:50:36,27.6,B,1600
09:50:37,27.59,B,1700
09:50:37,27.59,B,1000
09:50:37,27.6,B,2400
09:50:37,27.6,B,2000
09:50:37,27.6,B,500
09:50:37,27.6,B,1500
09:50:38,27.6,S,500
09:50:39,27.6,S,300
09:50:40,27.6,S,400
09:50:41,27.6,S,200
09:50:43,27.61,B,1300
09:50:44,27.61,S,200
09:50:46,27.61,S,200
09:50:49,27.61,S,100
09:50:51,27.6,S,900
09:50:51,27.6,S,700
09:50:56,27.61,S,300
09:51:01,27.61,S,600
09:51:02,27.62,B,400
09:51:05,27.6,S,100
09:51:07,27.6,S,100
09:51:08,27.61,B,1000
09:51:08,27.62,B,1000
09:51:11,27.61,B,800
09:51:12,27.61,B,100
09:51:13,27.6,S,2400
09:51:14,27.61,B,1000
09:51:14,27.61,B,3000
09:51:16,27.61,B,100
09:51:19,27.62,B,1600
09:51:19,27.62,B,200
09:51:19,27.62,B,1000
09:51:19,27.62,B,1000
09:51:19,27.63,B,100
09:51:19,27.63,B,1900
09:51:19,27.63,B,300
09:51:19,27.63,B,700
09:51:27,27.64,B,1700
09:51:27,27.64,B,500
09:51:28,27.64,S,500
09:51:28,27.63,S,1500
09:51:29,27.63,S,1500
09:51:35,27.63,S,100
09:51:39,27.64,B,200
09:51:47,27.64,S,200
09:51:48,27.65,B,200
09:51:49,27.64,S,500
09:51:50,27.64,S,500
09:51:50,27.63,S,9500
09:51:50,27.63,S,100
09:51:55,27.65,B,100
09:52:01,27.65,B,700
09:52:02,27.65,B,10000
09:52:05,27.65,B,200
09:52:05,27.65,B,400
09:52:05,27.65,B,1100
09:52:05,27.65,B,400
09:52:05,27.65,B,500
09:52:06,27.65,S,200
09:52:06,27.65,S,200
09:52:07,27.65,S,4000
09:52:09,27.65,S,2000
09:52:12,27.65,S,700
09:52:13,27.65,S,2100
09:52:13,27.65,S,100
09:52:13,27.65,S,2000
09:52:13,27.64,S,1000
09:52:13,27.64,S,200
09:52:13,27.64,S,3700
09:52:13,27.64,S,1500
09:52:13,27.63,S,500
09:52:14,27.63,B,200
09:52:14,27.63,B,100
09:52:17,27.62,S,200
09:52:17,27.62,S,200
09:52:18,27.63,B,100
09:52:18,27.63,B,500
09:52:21,27.62,S,100
09:52:25,27.62,S,100
09:52:25,27.63,B,1000
09:52:35,27.62,S,600
09:52:35,27.62,S,800
09:52:42,27.62,S,200
09:52:42,27.62,S,600
09:52:48,27.61,S,900
09:52:48,27.61,S,100
09:52:48,27.61,S,500
09:52:48,27.6,S,1900
09:52:50,27.62,B,6400
09:52:50,27.61,S,100
09:52:50,27.6,S,2900
09:52:51,27.62,B,300
09:52:51,27.62,B,700
09:52:53,27.62,B,300
09:52:56,27.62,B,700
09:52:56,27.62,B,1500
09:52:57,27.62,B,1300
09:53:01,27.61,S,1000
09:53:02,27.61,S,500
09:53:02,27.61,B,300
09:53:02,27.62,B,200
09:53:03,27.62,B,100
09:53:05,27.61,B,500
09:53:07,27.61,S,100
09:53:07,27.61,S,200
09:53:08,27.61,S,100
09:53:10,27.62,B,200
09:53:10,27.62,B,300
09:53:13,27.61,S,2000
09:53:15,27.62,B,4700
09:53:15,27.62,B,300
09:53:17,27.61,S,100
09:53:17,27.6,S,3000
09:53:19,27.61,S,1000
09:53:19,27.61,S,1300
09:53:19,27.6,S,1000
09:53:19,27.6,S,300
09:53:20,27.62,B,100
09:53:23,27.6,S,100
09:53:23,27.62,B,100
09:53:23,27.62,B,100
09:53:23,27.62,B,100
09:53:23,27.62,B,100
09:53:23,27.62,B,1200
09:53:23,27.62,B,100
09:53:23,27.62,B,700
09:53:23,27.62,B,500
09:53:23,27.62,S,200
09:53:25,27.6,S,100
09:53:25,27.6,S,3000
09:53:26,27.6,B,1500
09:53:26,27.6,B,1000
09:53:29,27.6,B,500
09:53:32,27.6,B,200
09:53:32,27.6,B,700
09:53:32,27.6,B,500
09:53:32,27.61,B,800
09:53:32,27.61,B,1000
09:53:32,27.61,B,500
09:53:35,27.62,S,1500
09:53:42,27.6,S,500
09:53:42,27.59,S,100
09:53:42,27.59,S,400
09:53:47,27.6,S,100
09:53:48,27.6,S,1700
09:53:52,27.6,S,200
09:53:52,27.59,S,500
09:53:53,27.59,S,100
09:53:56,27.6,B,200
09:53:56,27.61,B,3500
09:53:56,27.61,B,6300
09:53:56,27.6,S,100
09:53:57,27.6,B,100
09:54:00,27.61,B,300
09:54:03,27.61,B,3000
09:54:04,27.6,S,300
09:54:06,27.6,S,600
09:54:06,27.6,S,1100
09:54:10,27.6,S,200
09:54:11,27.6,S,700
09:54:12,27.61,B,5000
09:54:14,27.6,S,3100
09:54:22,27.61,B,200
09:54:22,27.6,S,100
09:54:22,27.6,S,5000
09:54:22,27.6,S,700
09:54:22,27.6,S,400
09:54:22,27.59,S,3900
09:54:30,27.6,B,600
09:54:32,27.6,B,400
09:54:32,27.61,B,200
09:54:34,27.6,B,1000
09:54:36,27.59,S,100
09:54:36,27.59,S,500
09:54:37,27.6,B,1100
09:54:39,27.6,B,900
09:54:39,27.6,B,1000
09:54:39,27.59,S,100
09:54:39,27.59,S,300
09:54:39,27.59,S,100
09:54:39,27.59,S,1000
09:54:40,27.59,B,600
09:54:43,27.59,B,1900
09:54:43,27.6,B,3233
09:54:43,27.6,B,3300
09:54:43,27.6,B,5000
09:54:43,27.6,B,100
09:54:43,27.61,B,21700
09:54:43,27.61,B,200
09:54:43,27.61,B,100
09:54:50,27.61,S,2000
09:54:50,27.61,S,500
09:54:57,27.62,B,4500
09:54:57,27.62,B,100
09:54:57,27.62,B,400
09:54:59,27.61,S,800
09:55:01,27.61,S,7000
09:55:04,27.62,B,500
09:55:05,27.61,S,500
09:55:05,27.61,S,500
09:55:07,27.61,S,2171
09:55:09,27.61,S,100
09:55:09,27.61,S,1700
09:55:09,27.61,S,2000
09:55:11,27.61,S,20100
09:55:14,27.61,S,100
09:55:16,27.62,B,1000
09:55:16,27.62,B,100
09:55:19,27.62,B,500
09:55:19,27.62,B,200
09:55:19,27.62,B,300
09:55:20,27.61,S,4200
09:55:21,27.61,S,2000
09:55:23,27.62,B,2500
09:55:25,27.62,S,100
09:55:28,27.62,S,300
09:55:28,27.62,S,100
09:55:28,27.62,S,900
09:55:29,27.62,S,2100
09:55:29,27.62,B,2000
09:55:31,27.62,B,300
09:55:31,27.63,B,700
09:55:32,27.62,S,300
09:55:34,27.62,S,800
09:55:34,27.62,S,200
09:55:35,27.62,S,800
09:55:36,27.62,S,400
09:55:36,27.62,S,700
09:55:37,27.62,S,1100
09:55:38,27.62,S,400
09:55:38,27.62,S,2300
09:55:39,27.62,B,300
09:55:39,27.62,B,300
09:55:42,27.63,B,500
09:55:42,27.62,S,300
09:55:43,27.62,S,300
09:55:44,27.62,S,800
09:55:44,27.62,S,100
09:55:50,27.62,S,1000
09:55:52,27.63,B,500
09:55:58,27.63,B,1700
09:55:58,27.63,B,700
09:55:58,27.63,B,300
09:55:58,27.63,B,300
09:55:58,27.63,B,400
09:55:58,27.63,B,200
09:55:58,27.63,B,600
09:55:58,27.63,S,400
09:55:59,27.63,S,400
09:56:01,27.63,S,2000
09:56:01,27.63,S,400
09:56:01,27.63,S,400
09:56:01,27.63,S,100
09:56:01,27.63,S,600
09:56:03,27.63,S,400
09:56:03,27.63,S,400
09:56:04,27.63,S,400
09:56:04,27.63,S,100
09:56:05,27.63,S,400
09:56:06,27.63,S,800
09:56:11,27.64,S,100
09:56:12,27.64,S,100
09:56:12,27.63,S,500
09:56:12,27.63,S,300
09:56:14,27.63,S,200
09:56:16,27.64,S,400
09:56:22,27.65,B,400
09:56:22,27.65,B,3000
09:56:22,27.65,B,200
09:56:22,27.65,B,1100
09:56:22,27.65,B,300
09:56:26,27.64,S,200
09:56:32,27.64,S,1400
09:56:35,27.63,S,200
09:56:35,27.63,S,400
09:56:37,27.64,B,200
09:56:38,27.63,S,600
09:56:38,27.63,S,400
09:56:39,27.64,B,500
09:56:40,27.64,B,2800
09:56:40,27.64,B,500
09:56:41,27.64,B,300
09:56:42,27.64,B,500
09:56:42,27.63,S,100
09:56:48,27.64,B,400
09:56:48,27.65,B,100
09:56:48,27.63,S,100
09:56:49,27.63,S,500
09:56:54,27.63,S,400
09:56:54,27.63,S,100
09:56:54,27.63,S,400
09:56:54,27.63,S,100
09:56:54,27.63,B,2000
09:56:54,27.64,B,1200
09:56:54,27.64,B,300
09:56:57,27.64,S,100
09:56:57,27.64,S,2100
09:57:00,27.64,S,400
09:57:04,27.65,B,400
09:57:06,27.65,B,300
09:57:06,27.64,S,200
09:57:13,27.64,S,3700
09:57:13,27.64,S,1500
09:57:13,27.64,S,1800
09:57:13,27.64,S,500
09:57:13,27.64,S,400
09:57:13,27.64,S,1000
09:57:13,27.64,S,500
09:57:14,27.64,S,400
09:57:15,27.65,B,100
09:57:16,27.64,S,100
09:57:16,27.63,S,700
09:57:17,27.63,S,3600
09:57:17,27.64,B,200
09:57:17,27.65,B,1800
09:57:19,27.64,S,400
09:57:20,27.64,S,400
09:57:20,27.64,S,200
09:57:20,27.63,S,200
09:57:20,27.63,S,400
09:57:21,27.63,S,100
09:57:21,27.63,S,1000
09:57:21,27.63,S,5000
09:57:21,27.63,S,1200
09:57:21,27.62,S,2400
09:57:22,27.62,S,800
09:57:22,27.62,S,300
09:57:22,27.62,S,100
09:57:25,27.62,S,1900
09:57:25,27.62,S,100
09:57:26,27.62,S,400
09:57:26,27.62,B,400
09:57:26,27.63,B,200
09:57:28,27.61,S,400
09:57:28,27.61,S,396
09:57:28,27.61,S,804
09:57:29,27.61,S,800
09:57:29,27.61,S,9500
09:57:29,27.61,S,400
09:57:30,27.61,S,300
09:57:31,27.61,S,1200
09:57:31,27.61,S,5400
09:57:32,27.61,S,400
09:57:33,27.61,S,1196
09:57:33,27.61,S,404
09:57:33,27.61,S,800
09:57:33,27.61,S,600
09:57:34,27.61,S,800
09:57:34,27.61,S,200
09:57:36,27.61,S,1200
09:57:37,27.61,S,996
09:57:37,27.6,S,3000
09:57:37,27.6,S,1700
09:57:37,27.6,S,3904
09:57:39,27.61,B,400
09:57:39,27.63,B,16800
09:57:39,27.63,S,7800
09:57:39,27.63,S,400
09:57:43,27.63,S,100
09:57:45,27.63,S,9800
09:57:45,27.63,S,500
09:57:46,27.63,S,800
09:57:47,27.63,S,200
09:57:47,27.63,S,1000
09:57:48,27.63,S,200
09:57:49,27.63,S,400
09:57:50,27.63,S,400
09:57:55,27.63,S,600
09:57:58,27.64,B,300
09:57:59,27.63,S,3000
09:58:02,27.63,S,58000
09:58:04,27.63,S,3000
09:58:07,27.64,B,400
09:58:07,27.64,B,400
09:58:07,27.64,B,400
09:58:07,27.63,S,2300
09:58:09,27.63,S,100
09:58:12,27.63,S,400
09:58:15,27.63,S,1000
09:58:16,27.63,S,400
09:58:17,27.63,S,8300
09:58:17,27.63,S,100
09:58:17,27.64,B,500
09:58:19,27.63,S,400
09:58:19,27.63,S,3900
09:58:19,27.63,S,2700
09:58:19,27.63,S,500
09:58:20,27.6,S,700
09:58:23,27.64,B,300
09:58:23,27.64,B,800
09:58:23,27.64,B,1000
09:58:24,27.64,S,4400
09:58:24,27.6,S,296
09:58:24,27.6,S,400
09:58:24,27.6,S,500
09:58:24,27.6,S,800
09:58:24,27.6,S,800
09:58:24,27.6,S,300
09:58:24,27.6,S,700
09:58:24,27.59,S,200
09:58:24,27.59,S,100
09:58:24,27.59,S,1000
09:58:24,27.59,S,300
09:58:24,27.59,S,100
09:58:24,27.58,S,100
09:58:24,27.58,S,100
09:58:24,27.58,S,500
09:58:24,27.58,S,100
09:58:24,27.58,S,1000
09:58:24,27.58,S,500
09:58:24,27.57,S,9
09:58:24,27.57,S,500
09:58:24,27.57,S,200
09:58:24,27.57,S,100
09:58:24,27.57,S,100
09:58:24,27.57,S,495
09:58:26,27.64,S,200
09:58:27,27.64,S,400
09:58:27,27.64,S,100
09:58:27,27.64,S,900
09:58:27,27.64,S,700
09:58:29,27.61,S,100
09:58:29,27.61,S,3700
09:58:30,27.63,B,200
09:58:30,27.63,B,100
09:58:32,27.61,S,500
09:58:33,27.61,S,700
09:58:33,27.57,S,5
09:58:33,27.57,S,300
09:58:33,27.56,S,5000
09:58:33,27.56,S,300
09:58:33,27.56,S,500
09:58:33,27.56,S,200
09:58:33,27.55,S,819
09:58:33,27.55,S,200
09:58:33,27.55,S,300
09:58:33,27.55,S,1176
09:58:35,27.61,B,500
09:58:40,27.55,S,300
09:58:40,27.55,S,1424
09:58:40,27.55,S,2600
09:58:40,27.55,S,1000
09:58:40,27.55,S,1000
09:58:40,27.55,S,300
09:58:40,27.55,S,100
09:58:40,27.55,S,100
09:58:40,27.55,S,100
09:58:40,27.55,S,1000
09:58:40,27.53,S,500
09:58:40,27.52,S,1000
09:58:40,27.52,S,176
09:58:48,27.55,B,200
09:58:48,27.57,B,200
09:58:48,27.6,B,100
09:58:51,27.6,B,500
09:58:51,27.55,S,300
09:58:55,27.54,B,100
09:58:55,27.55,B,400
09:59:01,27.55,B,100
09:59:02,27.53,S,300
09:59:04,27.53,B,200
09:59:04,27.53,B,200
09:59:05,27.55,B,200
09:59:05,27.55,B,100
09:59:05,27.55,B,300
09:59:05,27.55,B,300
09:59:07,27.53,S,100
09:59:07,27.53,S,500
09:59:09,27.53,S,100
09:59:09,27.53,S,100
09:59:09,27.52,S,600
09:59:09,27.52,S,224
09:59:09,27.52,S,500
09:59:09,27.52,S,1000
09:59:09,27.52,S,300
09:59:09,27.52,S,476
09:59:10,27.55,B,700
09:59:10,27.55,B,100
09:59:12,27.55,B,1000
09:59:13,27.55,B,200
09:59:14,27.52,S,2500
09:59:15,27.52,S,100
09:59:16,27.55,B,100
09:59:22,27.52,S,6824
09:59:22,27.52,S,300
09:59:22,27.52,S,200
09:59:22,27.52,S,500
09:59:22,27.52,S,1200
09:59:23,27.52,B,976
09:59:23,27.53,B,400
09:59:23,27.53,S,400
09:59:25,27.55,B,100
09:59:28,27.53,S,5000
09:59:28,27.53,S,2000
09:59:31,27.53,S,1224
09:59:31,27.53,S,300
09:59:31,27.52,S,300
09:59:31,27.51,S,1100
09:59:31,27.51,S,1000
09:59:31,27.51,S,6076
09:59:32,27.53,B,1000
09:59:35,27.51,S,600
09:59:35,27.52,B,100
09:59:35,27.53,B,2000
09:59:38,27.52,S,300
09:59:40,27.52,S,600
09:59:40,27.52,S,1000
09:59:43,27.52,S,1100
09:59:44,27.52,S,1000
09:59:49,27.52,S,600
09:59:50,27.53,B,5000
09:59:50,27.52,S,300
09:59:50,27.52,S,100
09:59:50,27.52,S,500
09:59:52,27.53,B,200
09:59:52,27.52,S,500
09:59:52,27.52,S,300
09:59:54,27.53,B,800
09:59:54,27.53,B,1000
09:59:54,27.53,S,200
09:59:54,27.52,S,500
09:59:54,27.54,B,1000
09:59:56,27.52,S,2000
09:59:56,27.52,S,2200
09:59:57,27.52,B,500
09:59:58,27.52,B,900
09:59:58,27.51,S,1000
10:00:01,27.51,S,500
10:00:01,27.51,S,100
10:00:01,27.51,S,500
10:00:01,27.51,S,500
10:00:01,27.51,S,500
10:00:02,27.52,B,1900
10:00:02,27.51,S,224
10:00:02,27.51,S,300
10:00:02,27.51,S,400
10:00:02,27.51,S,76
10:00:02,27.52,B,1000
10:00:06,27.52,B,400
10:00:06,27.52,B,200
10:00:10,27.52,B,200
10:00:10,27.52,B,500
10:00:11,27.52,B,2200
10:00:11,27.52,B,500
10:00:11,27.52,B,200
10:00:11,27.52,B,100
10:00:13,27.51,S,424
10:00:13,27.51,S,500
10:00:13,27.51,S,1300
10:00:13,27.51,S,1200
10:00:13,27.51,S,800
10:00:13,27.51,S,100
10:00:13,27.51,S,200
10:00:13,27.51,S,500
10:00:13,27.51,S,200
10:00:13,27.51,S,3000
10:00:13,27.51,S,300
10:00:13,27.51,S,4476
10:00:15,27.52,B,100
10:00:15,27.52,B,100
10:00:15,27.53,B,800
10:00:15,27.53,B,200
10:00:15,27.54,B,500
10:00:15,27.55,B,300
10:00:15,27.55,B,500
10:00:15,27.55,B,900
10:00:18,27.52,B,200
10:00:19,27.51,S,524
10:00:19,27.51,S,2476
10:00:20,27.51,S,524
10:00:24,27.51,B,100
10:00:24,27.51,B,3376
10:00:24,27.52,B,300
10:00:24,27.52,B,3000
10:00:24,27.52,B,500
10:00:25,27.52,S,1100
10:00:26,27.52,S,1000
10:00:26,27.52,S,200
10:00:27,27.53,S,5100
10:00:27,27.53,S,200
10:00:28,27.53,S,1100
10:00:31,27.53,S,2400
10:00:39,27.53,S,200
10:00:40,27.53,S,200
10:00:41,27.54,B,500
10:00:47,27.53,S,300
10:00:48,27.53,S,200
10:00:49,27.53,S,1500
10:00:49,27.52,S,1324
10:00:49,27.52,S,76
10:00:49,27.54,B,1100
10:00:49,27.55,B,4900
10:00:49,27.52,S,24
10:00:49,27.52,S,1000
10:00:49,27.52,S,200
10:00:49,27.52,S,200
10:00:49,27.52,S,100
10:00:49,27.52,S,600
10:00:49,27.52,S,500
10:00:49,27.52,S,1000
10:00:49,27.51,S,200
10:00:49,27.51,S,200
10:00:49,27.51,S,200
10:00:49,27.51,S,300
10:00:49,27.51,S,100
10:00:49,27.51,S,3376
10:00:50,27.53,B,100
10:00:50,27.54,S,2900
10:00:52,27.53,B,500
10:00:53,27.54,B,300
10:00:54,27.54,S,2000
10:00:56,27.54,S,500
10:00:58,27.54,S,1200
10:00:58,27.54,S,300
10:01:02,27.54,S,200
10:01:02,27.53,S,400
10:01:08,27.54,S,100
10:01:09,27.54,S,200
10:01:09,27.53,S,100
10:01:12,27.53,S,4032
10:01:13,27.53,S,368
10:01:16,27.53,B,400
10:01:21,27.53,B,700
10:01:23,27.53,B,332
10:01:23,27.53,B,168
10:01:24,27.52,S,300
10:01:24,27.52,S,1900
10:01:27,27.52,S,2400
10:01:27,27.52,S,1400
10:01:27,27.52,S,500
10:01:27,27.52,B,700
10:01:27,27.53,B,300
10:01:27,27.53,B,300
10:01:27,27.53,B,932
10:01:27,27.53,B,600
10:01:29,27.54,B,2000
10:01:31,27.53,S,100
10:01:31,27.54,B,700
10:01:33,27.54,B,900
10:01:33,27.53,S,100
10:01:35,27.53,S,200
10:01:36,27.53,S,3068
10:01:36,27.52,S,932
10:01:40,27.52,S,68
10:01:40,27.52,S,2532
10:01:43,27.53,S,300
10:01:44,27.53,B,500
10:01:46,27.53,B,1000
10:01:46,27.54,B,1000
10:01:59,27.52,S,200
10:02:05,27.52,S,100
10:02:08,27.53,B,200
10:02:10,27.53,B,800
10:02:13,27.52,S,1000
10:02:15,27.53,B,500
10:02:17,27.52,S,400
10:02:18,27.53,B,200
10:02:19,27.52,S,100
10:02:19,27.52,S,600
10:02:20,27.52,S,800
10:02:20,27.52,S,100
10:02:25,27.53,B,2000
10:02:25,27.53,B,1000
10:02:27,27.52,S,1000
10:02:29,27.52,S,100
10:02:29,27.52,S,900
10:02:30,27.52,S,1200
10:02:36,27.52,S,700
10:02:37,27.53,B,500
10:02:37,27.53,B,500
10:02:41,27.53,B,1200
10:02:42,27.52,S,200
10:02:45,27.52,S,2800
10:02:45,27.52,S,500
10:02:45,27.53,B,1000
10:02:47,27.53,B,1200
10:02:47,27.53,B,1700
10:02:47,27.53,B,700
10:02:47,27.53,B,1300
10:02:52,27.52,S,1300
10:02:54,27.52,S,1000
10:02:56,27.52,S,100
10:02:56,27.52,S,500
10:02:59,27.52,S,300
10:03:05,27.52,S,100
10:03:06,27.53,B,100
10:03:06,27.53,B,400
10:03:06,27.53,B,300
10:03:06,27.53,B,100
10:03:06,27.53,B,100
10:03:08,27.53,S,100
10:03:09,27.53,S,500
10:03:09,27.53,B,1000
10:03:12,27.52,S,9400
10:03:17,27.53,B,500
10:03:17,27.53,B,100
10:03:18,27.53,S,400
10:03:18,27.52,S,300
10:03:18,27.53,B,100
10:03:21,27.53,S,100
10:03:21,27.52,S,300
10:03:23,27.53,S,1700
10:03:24,27.53,S,300
10:03:24,27.52,S,1700
10:03:25,27.52,S,300
10:03:27,27.53,S,1000
10:03:28,27.53,S,100
10:03:28,27.54,B,200
10:03:28,27.54,B,800
10:03:28,27.54,B,100
10:03:28,27.54,B,100
10:03:28,27.55,B,600
10:03:29,27.53,S,300
10:03:30,27.53,S,500
10:03:32,27.53,S,100
10:03:32,27.53,S,600
10:03:32,27.53,S,500
10:03:32,27.52,S,500
10:03:38,27.53,S,400
10:03:39,27.53,S,600
10:03:39,27.53,S,600
10:03:39,27.52,S,4800
10:03:45,27.55,B,200
10:03:45,27.55,B,200
10:03:45,27.55,B,1600
10:03:48,27.52,S,500
10:03:51,27.53,B,400
10:03:51,27.53,B,1400
10:03:51,27.52,S,100
10:03:51,27.52,S,200
10:03:58,27.53,B,800
10:03:58,27.53,B,1000
10:04:04,27.52,S,1368
10:04:04,27.52,S,500
10:04:04,27.52,S,300
10:04:04,27.52,S,1000
10:04:04,27.52,S,900
10:04:04,27.52,S,300
10:04:04,27.52,S,400
10:04:04,27.52,S,1000
10:04:04,27.52,S,1000
10:04:04,27.52,S,200
10:04:04,27.52,B,1000
10:04:09,27.51,S,100
10:04:09,27.51,S,100
10:04:15,27.51,S,500
10:04:16,27.51,S,100
10:04:19,27.52,B,500
10:04:19,27.52,B,500
10:04:20,27.51,S,2000
10:04:24,27.51,S,3824
10:04:24,27.51,S,100
10:04:24,27.51,S,1300
10:04:24,27.51,S,1776
10:04:25,27.51,S,100
10:04:25,27.52,B,300
10:04:26,27.52,B,500
10:04:27,27.51,S,1124
10:04:27,27.51,S,100
10:04:27,27.51,S,1000
10:04:27,27.51,S,776
10:04:28,27.51,S,3500
10:04:28,27.52,B,100
10:04:30,27.52,B,400
10:04:31,27.51,S,100
10:04:31,27.52,B,400
10:04:33,27.51,S,2000
10:04:35,27.51,S,1000
10:04:35,27.52,B,1000
10:04:36,27.52,B,100
10:04:36,27.52,B,500
10:04:37,27.51,S,100
10:04:41,27.51,S,1000
10:04:46,27.52,B,200
10:04:46,27.52,B,200
10:04:46,27.52,B,100
10:04:46,27.52,S,500
10:04:46,27.51,S,3900
10:04:47,27.51,S,2000
10:04:50,27.52,S,400
10:04:51,27.52,S,600
10:04:51,27.52,S,1400
10:04:54,27.52,S,100
10:04:58,27.52,S,100
10:04:58,27.52,S,3000
10:04:58,27.53,B,100
10:04:58,27.53,B,800
10:05:03,27.52,S,1000
10:05:03,27.52,S,2200
10:05:03,27.52,S,800
10:05:03,27.52,S,100
10:05:07,27.51,S,100
10:05:14,27.52,B,1500
10:05:15,27.51,S,424
10:05:15,27.51,S,200
10:05:15,27.51,S,500
10:05:15,27.51,S,100
10:05:15,27.51,S,600
10:05:15,27.51,S,1000
10:05:15,27.51,S,500
10:05:15,27.51,S,5000
10:05:15,27.51,S,700
10:05:15,27.51,S,976
10:05:19,27.52,B,700
10:05:19,27.52,B,2300
10:05:23,27.51,S,100
10:05:24,27.51,S,924
10:05:24,27.51,S,1000
10:05:24,27.51,S,300
10:05:24,27.51,S,76
10:05:25,27.51,S,300
10:05:26,27.51,S,100
10:05:26,27.51,S,24
10:05:26,27.51,S,800
10:05:26,27.51,S,100
10:05:26,27.51,S,500
10:05:30,27.5,S,400
10:05:35,27.51,B,100
10:05:38,27.51,B,200
10:05:42,27.51,B,1600
10:05:42,27.51,B,100
10:05:42,27.51,B,300
10:05:43,27.51,B,800
10:05:43,27.51,B,400
10:05:43,27.51,B,400
10:05:43,27.51,B,200
10:05:45,27.5,S,100
10:05:45,27.5,S,300
10:05:48,27.51,B,1000
10:05:48,27.51,B,500
10:05:50,27.5,S,100
10:05:52,27.5,S,300
10:05:54,27.5,S,100
10:05:56,27.51,B,1000
10:06:00,27.5,S,700
10:06:00,27.5,S,1500
10:06:00,27.51,B,300
10:06:00,27.51,B,200
10:06:03,27.5,S,200
10:06:03,27.51,B,500
10:06:07,27.5,S,600
10:06:07,27.5,S,100
10:06:07,27.5,S,576
10:06:09,27.5,S,100
10:06:10,27.51,B,100
10:06:11,27.5,S,324
10:06:11,27.5,S,200
10:06:11,27.5,S,476
10:06:21,27.5,S,24
10:06:21,27.5,S,976
10:06:21,27.5,S,1000
10:06:21,27.51,B,100
10:06:24,27.51,B,100
10:06:26,27.51,B,100
10:06:26,27.51,B,100
10:06:26,27.51,B,100
10:06:26,27.51,B,500
10:06:27,27.5,S,24
10:06:27,27.5,S,576
10:06:27,27.5,S,1000
10:06:33,27.51,B,500
10:06:33,27.51,B,1000
10:06:34,27.51,B,400
10:06:34,27.51,B,100
10:06:34,27.5,S,400
10:06:35,27.51,B,1000
10:06:35,27.5,S,2000
10:06:38,27.51,B,100
10:06:39,27.51,B,800
10:06:39,27.51,B,100
10:06:39,27.51,B,100
10:06:39,27.52,B,10200
10:06:41,27.51,S,100
10:06:49,27.51,S,300
10:06:51,27.51,S,1500
10:06:52,27.52,B,300
10:06:52,27.51,S,1100
10:06:52,27.51,S,500
10:06:52,27.51,S,400
10:06:52,27.51,S,200
10:06:52,27.51,S,200
10:06:55,27.51,S,100
10:06:55,27.51,S,700
10:06:55,27.51,S,100
10:06:55,27.5,S,1024
10:06:55,27.5,S,300
10:06:55,27.5,S,500
10:06:55,27.5,S,76
10:06:56,27.5,S,24
10:06:56,27.5,S,500
10:06:56,27.5,S,1000
10:06:56,27.5,S,200
10:06:56,27.5,S,1000
10:06:56,27.5,S,100
10:06:56,27.5,S,200
10:06:56,27.5,S,2000
10:06:56,27.5,S,500
10:06:56,27.5,S,300
10:06:56,27.5,S,800
10:06:56,27.5,S,2000
10:06:56,27.5,S,700
10:06:56,27.5,S,200
10:06:56,27.5,S,476
10:06:57,27.5,S,24
10:06:57,27.5,S,1576
10:07:07,27.51,B,400
10:07:07,27.5,S,200
10:07:08,27.5,S,100
10:07:12,27.51,B,500
10:07:12,27.51,B,500
10:07:14,27.51,B,2000
10:07:16,27.5,S,3000
10:07:17,27.5,S,124
10:07:17,27.5,S,876
10:07:18,27.5,S,624
10:07:18,27.5,S,500
10:07:18,27.5,S,600
10:07:18,27.5,S,276
10:07:19,27.51,B,1000
10:07:21,27.5,S,100
10:07:22,27.51,B,4300
10:07:22,27.51,B,100
10:07:22,27.51,B,3000
10:07:22,27.51,B,200
10:07:22,27.51,B,600
10:07:23,27.51,S,500
10:07:24,27.52,B,100
10:07:25,27.51,S,600
10:07:26,27.51,S,1500
10:07:29,27.52,B,1800
10:07:30,27.52,B,5400
10:07:30,27.51,S,100
10:07:31,27.51,S,100
10:07:31,27.52,B,3600
10:07:33,27.51,S,400
10:07:35,27.51,S,700
10:07:36,27.52,B,300
10:07:36,27.51,S,100
10:07:36,27.52,B,3400
10:07:38,27.51,S,500
10:07:38,27.51,S,2000
10:07:39,27.51,S,800
10:07:41,27.51,S,100
10:07:41,27.51,S,400
10:07:41,27.52,B,1300
10:07:42,27.52,B,4300
10:07:42,27.52,B,100
10:07:42,27.52,B,300
10:07:42,27.52,B,2000
10:07:42,27.52,B,2100
10:07:43,27.52,S,2000
10:07:47,27.53,B,200
10:07:47,27.53,B,400
10:07:50,27.52,S,600
10:07:53,27.52,S,200
10:07:59,27.53,B,900
10:07:59,27.53,B,100
10:08:02,27.52,S,400
10:08:02,27.52,S,100
10:08:02,27.52,S,300
10:08:02,27.52,S,500
10:08:02,27.53,B,1700
10:08:02,27.53,B,400
10:08:09,27.53,S,1000
10:08:09,27.53,S,700
10:08:12,27.53,S,100
10:08:13,27.53,S,200
10:08:18,27.55,B,400
10:08:18,27.55,B,700
10:08:18,27.55,B,100
10:08:18,27.55,B,500
10:08:18,27.55,B,300
10:08:23,27.58,B,300
10:08:24,27.55,S,200
10:08:25,27.55,S,100
10:08:27,27.55,S,100
10:08:30,27.58,B,700
10:08:30,27.58,B,300
10:08:35,27.58,B,400
10:08:35,27.58,B,600
10:08:35,27.58,B,500
10:08:35,27.58,B,300
10:08:36,27.56,S,200
10:08:37,27.56,S,1500
10:08:40,27.58,B,600
10:08:40,27.58,B,100
10:08:43,27.58,B,300
10:08:43,27.59,B,300
10:08:47,27.58,B,100
10:08:47,27.59,B,1100
10:08:49,27.58,B,100
10:08:53,27.58,B,900
10:08:53,27.59,B,1100
10:08:58,27.59,B,2000
10:09:01,27.58,S,100
10:09:03,27.59,B,500
10:09:03,27.59,B,100
10:09:03,27.6,B,400
10:09:09,27.59,S,500
10:09:09,27.59,S,300
10:09:10,27.59,S,100
10:09:11,27.59,S,100
10:09:11,27.6,B,300
10:09:13,27.59,S,100
10:09:15,27.59,S,817
10:09:19,27.59,S,3583
10:09:19,27.59,S,517
10:09:21,27.59,S,200
10:09:23,27.6,B,2100
10:09:23,27.6,B,200
10:09:23,27.6,B,500
10:09:23,27.6,B,1000
10:09:23,27.6,B,100
10:09:23,27.6,B,1000
10:09:23,27.6,B,700
10:09:25,27.6,B,500
10:09:31,27.6,B,5000
10:09:31,27.59,S,100
10:09:32,27.6,B,400
10:09:34,27.59,S,3183
10:09:34,27.59,S,500
10:09:42,27.59,B,200
10:09:46,27.59,B,600
10:09:46,27.59,B,717
10:09:46,27.59,B,3000
10:09:46,27.59,B,500
10:09:46,27.6,B,4583
10:09:47,27.6,B,2000
10:09:49,27.58,S,900
10:09:49,27.58,S,1000
10:09:49,27.58,S,3300
10:09:50,27.6,B,100
10:09:50,27.58,S,100
10:09:53,27.59,B,100
10:09:53,27.6,B,1000
10:09:53,27.6,B,3600
10:09:55,27.6,B,100
10:09:56,27.6,B,100
10:09:56,27.6,B,100
10:09:57,27.6,B,100
10:09:57,27.58,S,900
10:09:57,27.58,B,700
10:09:57,27.58,B,200
10:09:59,27.57,S,100
10:10:01,27.58,B,3100
10:10:02,27.58,S,100
10:10:12,27.59,S,1000
10:10:12,27.6,B,500
10:10:13,27.6,B,6700
10:10:13,27.59,S,400
10:10:13,27.59,S,600
10:10:16,27.6,B,500
10:10:20,27.6,B,3600
10:10:23,27.6,B,5500
10:10:28,27.59,S,500
10:10:29,27.59,S,700
10:10:29,27.59,S,1500
10:10:30,27.6,B,200
10:10:37,27.6,B,1517
10:10:37,27.6,B,2583
10:10:39,27.59,S,100
10:10:40,27.6,B,500
10:10:43,27.59,S,200
10:10:43,27.59,S,400
10:10:43,27.59,S,100
10:10:44,27.58,S,300
10:10:45,27.58,S,100
10:10:45,27.58,S,5000
10:10:46,27.59,B,200
10:10:47,27.59,B,2000
10:10:50,27.59,B,200
10:10:51,27.58,S,16000
10:10:52,27.58,S,32
10:10:54,27.58,S,200
10:10:58,27.59,B,100
10:10:58,27.59,B,600
10:10:58,27.59,B,300
10:11:02,27.58,S,200
10:11:05,27.59,B,1100
10:11:05,27.59,B,100
10:11:05,27.59,B,500
10:11:05,27.59,B,300
10:11:05,27.59,B,400
10:11:08,27.58,S,300
10:11:10,27.58,S,7012
10:11:12,27.59,B,100
10:11:12,27.58,S,100
10:11:14,27.59,B,400
10:11:15,27.58,S,100
10:11:30,27.58,S,500
10:11:31,27.58,S,100
10:11:32,27.59,B,1900
10:11:32,27.59,B,400
10:11:33,27.58,S,100
10:11:36,27.59,B,300
10:11:42,27.58,S,1500
10:11:47,27.58,S,500
10:11:47,27.59,B,500
10:11:48,27.58,S,300
10:11:50,27.59,B,200
10:11:53,27.58,S,200
10:11:54,27.58,S,2000
10:11:56,27.58,S,200
10:11:57,27.58,S,400
10:11:59,27.58,S,3400
10:12:00,27.58,S,56
10:12:00,27.58,S,300
10:12:00,27.58,S,600
10:12:00,27.58,S,44
10:12:02,27.59,B,3000
10:12:04,27.59,B,2000
10:12:07,27.59,B,500
10:12:08,27.58,S,100
10:12:12,27.58,S,556
10:12:12,27.58,S,200
10:12:12,27.58,S,100
10:12:12,27.58,S,500
10:12:12,27.58,S,744
10:12:17,27.58,S,100
10:12:17,27.58,S,100
10:12:19,27.58,S,56
10:12:19,27.58,S,44
10:12:21,27.58,S,956
10:12:21,27.58,S,1144
10:12:22,27.58,S,300
10:12:24,27.59,B,300
10:12:24,27.59,B,200
10:12:24,27.59,B,300
10:12:24,27.59,B,100
10:12:26,27.59,S,1100
10:12:26,27.58,S,500
10:12:36,27.58,S,500
10:12:37,27.59,B,500
10:12:40,27.58,S,556
10:12:40,27.58,S,500
10:12:40,27.58,S,500
10:12:40,27.58,S,500
10:12:40,27.58,S,800
10:12:51,27.57,S,100
10:12:51,27.58,B,144
10:12:51,27.58,B,1400
10:12:51,27.58,B,1456
10:12:52,27.57,S,3000
10:12:52,27.57,S,500
10:12:52,27.56,S,2100
10:12:52,27.56,S,200
10:12:52,27.56,S,10000
10:12:52,27.56,S,200
10:12:52,27.56,S,1000
10:12:53,27.56,B,100
10:12:57,27.56,B,600
10:12:57,27.58,B,244
10:12:57,27.58,B,56
10:12:58,27.58,B,544
10:12:58,27.59,B,1300
10:12:58,27.59,B,1000
10:12:58,27.59,B,100
10:12:58,27.6,B,2456
10:13:03,27.58,S,100
10:13:06,27.58,S,100
10:13:08,27.59,B,100
10:13:09,27.59,B,700
10:13:11,27.59,B,200
10:13:11,27.59,B,1200
10:13:11,27.59,B,1100
10:13:12,27.59,B,100
10:13:14,27.59,B,100
10:13:14,27.59,B,100
10:13:14,27.59,B,100
10:13:15,27.58,S,600
10:13:15,27.59,B,200
10:13:16,27.59,B,2100
10:13:16,27.6,B,100
10:13:16,27.6,B,2000
10:13:23,27.58,S,300
10:13:24,27.6,B,500
10:13:24,27.6,B,600
10:13:30,27.58,S,500
10:13:32,27.6,B,8900
10:13:37,27.6,B,200
10:13:42,27.58,S,4000
10:13:43,27.6,B,1300
10:13:44,27.6,B,100
10:13:44,27.6,B,600
10:13:47,27.6,B,400
10:13:47,27.6,B,1200
10:13:49,27.59,S,100
10:13:49,27.6,B,600
10:13:51,27.6,B,100
10:13:52,27.59,S,100
10:13:53,27.58,S,200
10:13:54,27.6,B,400
10:13:54,27.6,B,400
10:13:56,27.6,B,200
10:13:58,27.6,B,400
10:13:58,27.6,B,400
10:13:59,27.6,B,400
10:13:59,27.6,B,1000
10:14:00,27.6,B,11861
10:14:00,27.6,B,100
10:14:00,27.6,B,1000
10:14:00,27.6,B,2000
10:14:00,27.6,B,400
10:14:00,27.6,B,709
10:14:00,27.6,B,400
10:14:00,27.6,B,100
10:14:00,27.6,B,1000
10:14:00,27.6,B,200
10:14:00,27.6,S,100
10:14:00,27.6,S,100
10:14:01,27.61,B,200
10:14:01,27.61,B,200
10:14:03,27.61,B,8800
10:14:04,27.6,S,100
10:14:07,27.62,B,700
10:14:09,27.62,B,8500
10:14:09,27.62,B,500
10:14:09,27.63,B,800
10:14:09,27.63,B,1300
10:14:10,27.6,S,400
10:14:10,27.6,S,500
10:14:10,27.6,S,5000
10:14:10,27.6,S,1000
10:14:10,27.59,S,1000
10:14:10,27.59,S,500
10:14:10,27.59,S,600
10:14:16,27.63,B,400
10:14:23,27.63,B,300
10:14:24,27.62,S,400
10:14:24,27.63,B,4900
10:14:24,27.63,B,60
10:14:24,27.63,B,40
10:14:32,27.63,B,100
10:14:35,27.63,B,1000
10:14:35,27.62,S,2100
10:14:37,27.63,B,160
10:14:37,27.63,B,100
10:14:37,27.63,B,100
10:14:38,27.64,B,300
10:14:38,27.65,B,100
10:14:38,27.65,B,100
10:14:38,27.63,S,100
10:14:42,27.63,S,100
10:14:43,27.65,B,400
10:14:44,27.65,B,100
10:14:44,27.65,B,400
10:14:44,27.65,B,200
10:14:44,27.65,B,300
10:14:45,27.63,S,240
10:14:45,27.63,S,760
10:14:47,27.64,S,300
10:14:49,27.64,S,100
10:14:51,27.65,B,200
10:14:51,27.65,B,400
10:14:55,27.65,B,1000
10:14:56,27.66,B,100
10:14:56,27.67,B,300
10:14:56,27.67,B,600
10:14:58,27.65,S,2000
10:14:58,27.64,S,1100
10:14:59,27.65,S,200
10:15:04,27.67,B,100
10:15:05,27.65,S,1000
10:15:09,27.65,S,100
10:15:11,27.65,S,1700
10:15:11,27.65,S,1000
10:15:11,27.65,S,600
10:15:11,27.65,S,200
10:15:11,27.65,S,100
10:15:11,27.65,S,6400
10:15:17,27.65,S,500
10:15:19,27.68,B,100
10:15:24,27.67,S,500
10:15:24,27.65,S,3100
10:15:24,27.64,S,100
10:15:25,27.68,B,400
10:15:28,27.67,S,500
10:15:28,27.67,S,300
10:15:33,27.68,B,1000
10:15:34,27.67,S,100
10:15:34,27.65,S,900
10:15:34,27.65,S,100
10:15:34,27.65,B,1700
10:15:34,27.68,B,8500
10:15:34,27.68,B,500
10:15:34,27.68,B,2500
10:15:34,27.68,B,500
10:15:36,27.68,B,2500
10:15:36,27.68,B,1000
10:15:36,27.68,B,1000
10:15:38,27.68,S,300
10:15:39,27.68,S,300
10:15:42,27.69,B,200
10:15:43,27.68,S,400
10:15:52,27.68,S,200
10:15:54,27.68,S,4300
10:15:54,27.68,S,200
10:15:55,27.69,B,200
10:15:56,27.69,B,200
10:15:59,27.69,B,187
10:15:59,27.69,B,113
10:16:01,27.68,S,300
10:16:01,27.69,B,887
10:16:01,27.69,B,500
10:16:01,27.69,B,113
10:16:01,27.68,S,500
10:16:03,27.69,B,87
10:16:03,27.7,B,1413
10:16:03,27.7,B,187
10:16:03,27.7,B,1213
10:16:03,27.7,B,787
10:16:03,27.7,B,300
10:16:03,27.7,B,300
10:16:03,27.7,B,5000
10:16:03,27.7,B,900
10:16:03,27.7,B,200
10:16:03,27.7,B,200
10:16:03,27.7,B,100
10:16:03,27.7,B,100
10:16:03,27.7,B,200
10:16:03,27.7,B,200
10:16:04,27.7,S,1000
10:16:04,27.71,B,300
10:16:04,27.74,B,1200
10:16:05,27.74,B,300
10:16:05,27.75,B,700
10:16:05,27.76,B,400
10:16:07,27.76,B,1500
10:16:08,27.76,B,1400
10:16:09,27.7,S,713
10:16:09,27.68,S,400
10:16:09,27.68,S,3887
10:16:21,27.69,B,1500
10:16:21,27.69,B,54
10:16:22,27.69,S,200
10:16:22,27.76,B,100
10:16:22,27.77,B,100
10:16:22,27.77,B,200
10:16:22,27.77,B,400
10:16:22,27.77,B,1400
10:16:25,27.69,S,300
10:16:26,27.7,B,1400
10:16:26,27.7,B,200
10:16:26,27.75,B,1100
10:16:26,27.77,B,200
10:16:28,27.77,B,1400
10:16:28,27.77,B,400
10:16:29,27.77,B,1500
10:16:30,27.77,B,700
10:16:30,27.77,B,700
10:16:31,27.77,B,1000
10:16:31,27.77,B,500
10:16:32,27.77,B,400
10:16:32,27.77,B,1100
10:16:32,27.77,B,200
10:16:32,27.78,B,100
10:16:33,27.69,S,200
10:16:34,27.78,B,400
10:16:34,27.78,B,400
10:16:35,27.76,B,200
10:16:35,27.78,B,1300
10:16:36,27.78,B,300
10:16:36,27.79,B,1100
10:16:37,27.79,B,400
10:16:37,27.79,B,700
10:16:37,27.79,B,400
10:16:37,27.76,B,700
10:16:37,27.79,B,800
10:16:38,27.79,B,400
10:16:38,27.79,B,200
10:16:38,27.79,B,100
10:16:38,27.79,B,200
10:16:39,27.79,B,800
10:16:39,27.79,B,1600
10:16:40,27.79,B,1200
10:16:40,27.76,S,200
10:16:41,27.79,B,400
10:16:41,27.79,B,900
10:16:41,27.79,B,100
10:16:41,27.79,B,700
10:16:41,27.79,B,600
10:16:41,27.8,B,3000
10:16:41,27.8,B,1100
10:16:41,27.8,B,100
10:16:41,27.8,B,100
10:16:41,27.8,B,200
10:16:41,27.8,B,100
10:16:41,27.8,B,100
10:16:42,27.8,B,200
10:16:42,27.8,B,100
10:16:42,27.8,B,400
10:16:42,27.8,B,100
10:16:43,27.8,B,200
10:16:43,27.8,B,600
10:16:44,27.8,B,100
10:16:44,27.8,B,100
10:16:44,27.8,B,500
10:16:45,27.8,B,100
10:16:45,27.8,B,100
10:16:46,27.79,S,1000
10:16:46,27.8,B,100
10:16:46,27.8,B,100
10:16:46,27.8,B,200
10:16:47,27.79,S,100
10:16:47,27.77,S,1000
10:16:48,27.77,B,1600
10:16:48,27.77,B,1000
10:16:48,27.77,B,400
10:16:48,27.77,B,800
10:16:49,27.77,B,100
10:16:49,27.8,B,100
10:16:49,27.8,B,200
10:16:49,27.8,B,800
10:16:50,27.8,B,200
10:16:50,27.82,B,200
10:16:50,27.82,B,800
10:16:50,27.85,B,200
10:16:50,27.85,B,700
10:16:51,27.85,B,300
10:16:51,27.85,B,1300
10:16:51,27.86,B,2400
10:16:51,27.86,B,1200
10:16:52,27.82,S,100
10:16:55,27.79,S,400
10:16:56,27.86,B,1400
10:16:56,27.86,B,100
10:16:56,27.86,B,100
10:16:57,27.85,S,300
10:16:57,27.86,B,300
10:16:57,27.85,S,200
10:16:57,27.85,S,1100
10:16:57,27.79,S,1800
10:16:57,27.78,S,500
10:16:58,27.77,B,300
10:17:00,27.77,B,1100
10:17:00,27.78,B,1000
10:17:01,27.86,B,100
10:17:01,27.88,B,500
10:17:05,27.88,B,900
10:17:05,27.88,B,4000
10:17:05,27.88,B,100
10:17:05,27.88,B,1000
10:17:05,27.88,B,500
10:17:05,27.88,B,1400
10:17:05,27.88,B,300
10:17:05,27.89,B,200
10:17:05,27.8,S,400
10:17:11,27.81,B,300
10:17:13,27.82,S,100
10:17:19,27.82,S,600
10:17:19,27.8,S,400
10:17:20,27.8,S,100
10:17:20,27.8,S,200
10:17:20,27.8,S,200
10:17:20,27.85,B,400
10:17:21,27.85,B,600
10:17:21,27.85,B,2000
10:17:21,27.86,B,600
10:17:22,27.8,S,200
10:17:28,27.8,B,200
10:17:29,27.8,S,100
10:17:30,27.82,B,500
10:17:32,27.82,S,2000
10:17:33,27.82,S,200
10:17:41,27.82,S,300
10:17:41,27.8,S,500
10:17:41,27.8,S,200
10:17:41,27.8,S,2000
10:17:42,27.8,S,1000
10:17:42,27.82,S,100
10:17:43,27.82,S,1000
10:17:45,27.82,S,100
10:17:45,27.8,S,300
10:17:52,27.79,B,400
10:17:58,27.79,B,300
10:18:01,27.77,S,500
10:18:01,27.77,S,200
10:18:01,27.71,S,1200
10:18:01,27.7,S,500
10:18:01,27.7,S,300
10:18:01,27.7,S,100
10:18:01,27.7,B,200
10:18:02,27.7,B,1900
10:18:02,27.7,B,500
10:18:05,27.7,B,100
10:18:06,27.7,B,1200
10:18:06,27.7,B,9600
10:18:09,27.7,B,300
10:18:11,27.7,B,500
10:18:12,27.7,B,1500
10:18:13,27.7,B,3600
10:18:14,27.7,B,1200
10:18:14,27.7,B,1300
10:18:15,27.7,B,400
10:18:15,27.7,B,3000
10:18:15,27.7,B,400
10:18:16,27.7,B,1800
10:18:17,27.69,S,200
10:18:18,27.7,B,1000
10:18:18,27.7,B,100
10:18:22,27.7,B,500
10:18:22,27.69,S,46
10:18:22,27.69,S,200
10:18:22,27.69,S,354
10:18:22,27.7,B,400
10:18:22,27.7,B,400
10:18:26,27.7,B,400
10:18:27,27.7,B,500
10:18:28,27.7,B,1900
10:18:29,27.7,B,100
10:18:29,27.7,B,300
10:18:30,27.7,B,1900
10:18:30,27.7,B,4200
10:18:31,27.7,B,200
10:18:32,27.7,B,10000
10:18:33,27.7,B,22000
10:18:34,27.7,B,300
10:18:35,27.7,B,400
10:18:38,27.7,B,100
10:18:46,27.78,B,800
10:18:46,27.78,B,335
10:18:46,27.78,B,365
10:18:49,27.7,S,1100
10:18:50,27.7,S,200
10:18:54,27.78,B,1500
10:18:59,27.78,B,1135
10:18:59,27.79,B,365
10:19:14,27.78,S,1000
10:19:19,27.79,B,535
10:19:19,27.79,B,2465
10:19:19,27.79,B,2535
10:19:19,27.79,B,465
10:19:24,27.79,B,35
10:19:24,27.79,B,65
10:19:24,27.79,B,4135
10:19:24,27.79,B,200
10:19:24,27.79,B,5665
10:19:26,27.78,S,100
10:19:26,27.78,S,100
10:19:26,27.78,S,600
10:19:32,27.78,S,500
10:19:36,27.78,S,2100
10:19:37,27.78,S,100
10:19:42,27.79,B,1000
10:19:44,27.79,B,1000
10:19:44,27.79,B,735
10:19:44,27.79,B,200
10:19:44,27.79,B,300
10:19:45,27.79,S,3765
10:19:45,27.79,S,135
10:19:45,27.79,S,200
10:19:46,27.79,S,500
10:19:47,27.79,S,165
10:19:47,27.79,S,200
10:19:47,27.78,S,635
10:19:48,27.78,S,765
10:19:48,27.78,S,235
10:19:51,27.78,S,765
10:19:51,27.78,S,235
10:19:59,27.79,S,200
10:20:00,27.79,S,1000
10:20:00,27.8,B,300
10:20:02,27.79,S,900
10:20:02,27.79,S,1000
10:20:02,27.78,S,100
10:20:05,27.78,S,165
10:20:05,27.78,S,835
10:20:09,27.8,B,1200
10:20:09,27.8,B,500
10:20:09,27.8,B,200
10:20:09,27.8,B,400
10:20:09,27.8,B,500
10:20:16,27.8,S,500
10:20:21,27.81,B,800
10:20:22,27.8,S,900
10:20:23,27.8,S,2099
10:20:29,27.8,S,200
10:20:30,27.81,B,200
10:20:36,27.81,S,5000
10:20:39,27.81,S,200
10:20:39,27.8,S,1800
10:20:40,27.81,S,3000
10:20:41,27.81,S,300
10:20:41,27.81,S,300
10:20:41,27.81,S,3400
10:20:42,27.82,B,500
10:20:43,27.81,S,200
10:20:44,27.81,S,300
10:20:48,27.81,S,9900
10:20:48,27.81,S,100
10:20:48,27.81,S,600
10:20:48,27.81,S,100
10:20:49,27.8,S,200
10:20:50,27.81,B,100
10:20:51,27.8,S,500
10:20:52,27.81,B,100
10:20:53,27.8,S,400
10:20:54,27.81,B,1000
10:20:54,27.81,B,200
10:20:54,27.81,B,300
10:20:54,27.81,B,100
10:20:54,27.81,B,200
10:20:55,27.81,B,200
10:20:55,27.82,B,500
10:20:55,27.82,B,1000
10:20:55,27.82,B,1000
10:20:55,27.82,B,1000
10:20:55,27.82,B,500
10:20:55,27.82,B,1000
10:20:55,27.82,B,200
10:20:55,27.82,B,800
10:20:55,27.82,B,300
10:20:55,27.82,B,300
10:20:58,27.82,S,4300
10:21:01,27.82,S,100
10:21:01,27.81,S,100
10:21:01,27.8,S,1800
10:21:03,27.83,B,600
10:21:03,27.83,B,200
10:21:03,27.83,B,600
10:21:05,27.82,S,1000
10:21:05,27.83,B,1400
10:21:08,27.82,S,100
10:21:09,27.82,B,100
10:21:09,27.83,B,1000
10:21:09,27.83,B,700
10:21:12,27.81,S,200
10:21:14,27.81,S,100
10:21:14,27.81,S,100
10:21:14,27.81,S,1800
10:21:15,27.82,B,100
10:21:15,27.83,B,300
10:21:15,27.81,S,10000
10:21:18,27.83,B,2600
10:21:18,27.83,B,400
10:21:18,27.83,B,1000
10:21:18,27.83,B,2000
10:21:18,27.84,B,200
10:21:18,27.84,B,9800
10:21:18,27.83,B,200
10:21:19,27.83,S,100
10:21:21,27.84,B,5000
10:21:26,27.83,S,300
10:21:28,27.83,S,300
10:21:28,27.83,S,100
10:21:28,27.83,S,800
10:21:28,27.83,S,800
10:21:31,27.83,S,600
10:21:32,27.83,S,200
10:21:32,27.83,S,4100
10:21:32,27.83,S,1800
10:21:32,27.83,S,1000
10:21:32,27.83,S,100
10:21:32,27.83,B,500
10:21:33,27.83,B,1600
10:21:35,27.82,S,2000
10:21:36,27.82,S,500
10:21:40,27.83,B,200
10:21:41,27.83,B,700
10:21:47,27.83,B,1000
10:21:54,27.83,B,1000
10:21:55,27.83,B,1000
10:21:56,27.83,B,500
10:21:57,27.83,B,1400
10:21:57,27.83,B,1000
10:21:57,27.83,B,500
10:21:58,27.82,S,1000
10:21:58,27.83,B,500
10:21:58,27.83,B,200
10:21:59,27.83,B,1400
10:22:01,27.82,S,5000
10:22:01,27.83,B,1400
10:22:02,27.83,B,3100
10:22:02,27.83,B,400
10:22:02,27.83,B,1900
10:22:03,27.82,S,3700
10:22:03,27.83,B,1400
10:22:05,27.83,B,800
10:22:05,27.82,S,200
10:22:05,27.83,B,300
10:22:06,27.83,B,400
10:22:06,27.83,B,1400
10:22:07,27.83,B,400
10:22:07,27.83,B,300
10:22:08,27.82,S,300
10:22:09,27.82,S,900
10:22:09,27.82,S,400
10:22:09,27.82,S,700
10:22:09,27.83,B,800
10:22:09,27.82,S,100
10:22:09,27.82,S,200
10:22:09,27.82,S,1200
10:22:13,27.82,B,1800
10:22:14,27.82,B,1700
10:22:14,27.82,B,100
10:22:14,27.83,B,200
10:22:19,27.81,S,199
10:22:19,27.82,B,1400
10:22:19,27.82,B,500
10:22:20,27.81,S,10000
10:22:21,27.82,B,300
10:22:21,27.82,B,1000
10:22:21,27.82,B,100
10:22:22,27.82,B,600
10:22:22,27.82,B,100
10:22:22,27.83,B,300
10:22:23,27.83,B,1800
10:22:24,27.83,B,400
10:22:24,27.83,B,1400
10:22:25,27.83,B,3600
10:22:25,27.83,B,7600
10:22:30,27.82,B,500
10:22:30,27.81,S,1000
10:22:32,27.81,S,100
10:22:35,27.81,S,500
10:22:36,27.82,B,100
10:22:37,27.82,B,1000
10:22:37,27.81,S,1000
10:22:38,27.81,S,1500
10:22:38,27.81,S,500
10:22:39,27.82,B,400
10:22:39,27.82,B,200
10:22:39,27.82,B,100
10:22:41,27.81,S,1100
10:22:43,27.81,S,500
10:22:45,27.81,S,400
10:22:46,27.82,B,900
10:22:46,27.82,B,500
10:22:46,27.82,B,400
10:22:46,27.82,B,500
10:22:46,27.82,B,400
10:22:49,27.81,S,1400
10:22:50,27.81,S,500
10:22:51,27.81,S,3301
10:22:51,27.81,S,200
10:22:51,27.81,S,1000
10:22:53,27.81,B,100
10:23:02,27.81,B,5400
10:23:07,27.8,S,400
10:23:09,27.8,S,3201
10:23:09,27.8,S,1000
10:23:09,27.8,S,100
10:23:09,27.8,S,500
10:23:09,27.8,S,600
10:23:09,27.8,S,999
10:23:09,27.8,S,1
10:23:11,27.8,B,100
10:23:15,27.8,B,300
10:23:17,27.8,B,400
10:23:26,27.8,B,300
10:23:27,27.79,S,200
10:23:28,27.79,B,800
10:23:28,27.79,B,400
10:23:30,27.79,B,500
10:23:30,27.79,B,100
10:23:30,27.79,B,200
10:23:35,27.79,B,300
10:23:35,27.79,B,100
10:23:38,27.79,B,200
10:23:38,27.8,B,800
10:23:39,27.8,B,99
10:23:39,27.8,B,1000
10:23:39,27.8,B,1200
10:23:39,27.8,B,1600
10:23:39,27.8,B,400
10:23:39,27.8,B,200
10:23:39,27.8,B,1500
10:23:39,27.8,B,500
10:23:39,27.8,B,3000
10:23:39,27.8,B,500
10:23:39,27.8,B,200
10:23:39,27.8,B,100
10:23:39,27.8,B,400
10:23:39,27.8,B,200
10:23:39,27.8,B,300
10:23:39,27.8,B,1
10:23:40,27.8,B,199
10:23:40,27.8,B,301
10:23:41,27.8,B,699
10:23:41,27.81,B,501
10:23:41,27.81,B,1200
10:23:41,27.81,B,800
10:23:41,27.81,B,700
10:23:41,27.81,B,500
10:23:42,27.81,B,400
10:23:42,27.81,B,300
10:23:42,27.8,B,100
10:23:42,27.8,B,100
10:23:43,27.8,B,200
10:23:43,27.8,B,200
10:23:43,27.8,B,400
10:23:43,27.81,B,400
10:23:43,27.81,B,1198
10:23:43,27.81,B,2
10:23:43,27.81,B,98
10:23:43,27.81,B,200
10:23:43,27.81,B,402
10:23:44,27.79,B,100
10:23:44,27.81,B,400
10:23:44,27.81,B,900
10:23:45,27.81,B,1600
10:23:46,27.81,B,698
10:23:46,27.81,B,2
10:23:46,27.81,B,98
10:23:46,27.81,B,602
10:23:48,27.8,B,200
10:23:48,27.81,B,398
10:23:48,27.81,B,202
10:23:48,27.81,B,300
10:23:50,27.79,S,1900
10:23:51,27.81,B,498
10:23:51,27.81,B,102
10:23:52,27.81,B,400
10:23:54,27.81,B,498
10:23:54,27.81,B,2
10:23:56,27.79,S,500
10:23:58,27.79,S,800
10:23:58,27.79,S,100
10:23:58,27.78,S,1800
10:23:59,27.81,B,98
10:23:59,27.81,B,502
10:24:00,27.78,S,200
10:24:00,27.78,S,300
10:24:05,27.79,S,300
10:24:09,27.79,B,400
10:24:10,27.79,B,300
10:24:20,27.79,B,200
10:24:21,27.79,B,2000
10:24:21,27.79,B,700
10:24:23,27.79,B,300
10:24:24,27.79,S,100
10:24:24,27.79,S,4600
10:24:25,27.78,S,400
10:24:26,27.79,B,200
10:24:26,27.8,B,2400
10:24:28,27.79,B,1200
10:24:31,27.79,B,800
10:24:34,27.79,B,1200
10:24:34,27.78,S,100
10:24:34,27.79,B,500
10:24:35,27.78,S,300
10:24:35,27.78,S,200
10:24:35,27.78,S,200
10:24:36,27.79,B,400
10:24:38,27.79,B,400
10:24:39,27.78,S,200
10:24:39,27.78,S,300
10:24:39,27.79,B,2000
10:24:42,27.79,B,1600
10:24:42,27.79,B,400
10:24:43,27.79,B,500
10:24:44,27.78,S,1700
10:24:44,27.78,S,1500
10:24:44,27.78,S,1600
10:24:46,27.75,B,1200
10:24:51,27.75,B,100
10:24:54,27.75,B,1400
10:24:54,27.75,B,800
10:24:54,27.75,B,800
10:24:55,27.75,B,1300
10:24:55,27.75,B,500
10:24:56,27.75,B,800
10:24:56,27.75,B,400
10:24:57,27.75,B,100
10:24:57,27.75,B,100
10:24:57,27.75,B,500
10:24:57,27.75,B,600
10:24:57,27.75,B,400
10:24:57,27.75,B,100
10:24:57,27.75,B,100
10:24:58,27.75,B,600
10:24:58,27.75,B,100
10:24:58,27.73,S,200
10:24:58,27.75,B,100
10:24:58,27.75,B,200
10:25:01,27.73,S,600
10:25:01,27.73,S,200
10:25:03,27.75,B,700
10:25:03,27.75,B,2700
10:25:04,27.73,S,300
10:25:04,27.72,S,500
10:25:04,27.71,S,200
10:25:06,27.75,B,500
10:25:10,27.73,S,1600
10:25:19,27.73,B,400
10:25:23,27.73,B,300
10:25:23,27.73,B,1000
10:25:24,27.74,B,100
10:25:24,27.73,S,100
10:25:24,27.71,S,800
10:25:24,27.71,S,4000
10:25:24,27.71,S,2500
10:25:24,27.7,S,900
10:25:24,27.7,S,5000
10:25:24,27.7,S,500
10:25:24,27.7,S,200
10:25:24,27.7,S,200
10:25:24,27.7,S,1000
10:25:24,27.7,S,500
10:25:24,27.7,S,100
10:25:24,27.7,S,100
10:25:24,27.7,S,200
10:25:24,27.7,S,2000
10:25:24,27.7,S,300
10:25:26,27.7,B,1000
10:25:28,27.7,B,2700
10:25:30,27.7,B,200
10:25:35,27.7,B,500
10:25:36,27.7,B,2400
10:25:37,27.7,B,1000
10:25:38,27.7,B,200
10:25:38,27.7,B,600
10:25:38,27.7,B,1
10:25:39,27.7,S,100
10:25:41,27.73,B,100
10:25:41,27.74,B,400
10:25:51,27.71,S,300
10:25:55,27.71,S,3700
10:25:55,27.69,S,100
10:25:55,27.69,S,4200
10:25:55,27.73,B,100
10:25:55,27.73,B,200
10:26:00,27.71,B,100
10:26:00,27.73,B,300
10:26:00,27.73,B,900
10:26:03,27.71,S,200
10:26:03,27.7,S,200
10:26:04,27.73,B,100
10:26:04,27.74,B,500
10:26:04,27.78,B,200
10:26:04,27.78,B,1000
10:26:04,27.78,B,1100
10:26:04,27.78,B,600
10:26:05,27.78,B,200
10:26:05,27.78,B,400
10:26:05,27.78,B,1
10:26:05,27.78,B,399
10:26:18,27.71,S,100
10:26:23,27.78,B,300
10:26:25,27.71,S,300
10:26:25,27.71,S,100
10:26:29,27.72,S,1300
10:26:30,27.78,B,300
10:26:36,27.73,B,300
10:26:44,27.73,S,1000
10:26:44,27.73,S,1000
10:26:48,27.73,S,200
10:26:50,27.73,S,500
10:26:51,27.73,S,8000
10:26:54,27.73,S,1400
10:27:00,27.73,S,300
10:27:04,27.75,B,3800
10:27:05,27.75,S,1200
10:27:05,27.73,S,600
10:27:05,27.73,S,300
10:27:05,27.73,S,1900
10:27:10,27.75,S,300
10:27:17,27.75,S,200
10:27:17,27.75,S,300
10:27:21,27.75,S,672
10:27:24,27.78,B,1
10:27:24,27.78,B,99
10:27:24,27.78,B,501
10:27:24,27.78,B,600
10:27:24,27.78,B,1299
10:27:25,27.75,S,300
10:27:27,27.75,S,100
10:27:31,27.77,B,1500
10:27:31,27.78,B,500
10:27:32,27.78,B,3000
10:27:32,27.78,B,201
10:27:35,27.78,S,500
10:27:37,27.78,S,300
10:27:43,27.78,S,100
10:27:48,27.78,S,800
10:27:49,27.79,B,1000
10:27:49,27.79,B,100
10:27:49,27.79,B,1100
10:27:51,27.79,B,100
10:27:51,27.79,B,300
10:27:51,27.79,S,200
10:27:53,27.79,S,700
10:27:56,27.79,S,100
10:27:56,27.79,S,200
10:27:56,27.78,S,1000
10:28:03,27.78,S,500
10:28:06,27.78,S,609
10:28:08,27.8,B,500
10:28:10,27.78,S,500
10:28:13,27.8,B,100
10:28:13,27.8,B,500
10:28:13,27.8,B,1000
10:28:13,27.8,B,300
10:28:13,27.8,B,100
10:28:17,27.79,B,100
10:28:17,27.8,B,400
10:28:23,27.78,S,490
10:28:23,27.78,S,500
10:28:23,27.78,S,110
10:28:24,27.78,S,500
10:28:24,27.78,S,490
10:28:24,27.78,S,10
10:28:27,27.78,S,100
10:28:30,27.79,B,5000
10:28:31,27.79,S,1600
10:28:33,27.79,S,100
10:28:35,27.8,B,100
10:28:35,27.8,B,300
10:28:35,27.8,B,100
10:28:35,27.8,B,1000
10:28:35,27.8,B,1000
10:28:35,27.8,B,400
10:28:38,27.8,B,100
10:28:38,27.8,B,200
10:28:39,27.8,B,800
10:28:39,27.8,B,200
10:28:40,27.79,S,1800
10:28:41,27.79,S,1000
10:28:41,27.79,S,500
10:28:41,27.79,S,500
10:28:53,27.8,B,300
10:28:53,27.8,B,5000
10:28:53,27.8,B,700
10:28:53,27.8,B,1100
10:28:53,27.8,B,1000
10:28:53,27.81,B,3200
10:28:53,27.81,B,500
10:28:54,27.8,S,100
10:28:54,27.8,S,5000
10:28:54,27.8,S,1000
10:28:56,27.8,S,4000
10:28:57,27.8,S,600
10:29:05,27.79,S,500
10:29:05,27.79,S,500
10:29:07,27.79,S,173
10:29:11,27.79,S,5000
10:29:12,27.8,B,100
10:29:15,27.79,S,500
10:29:20,27.8,B,700
10:29:22,27.79,S,1000
10:29:24,27.79,S,1100
10:29:24,27.8,B,600
10:29:24,27.8,B,400
10:29:24,27.8,B,400
10:29:24,27.8,B,400
10:29:24,27.8,B,100
10:29:24,27.79,S,1000
10:29:26,27.8,B,400
10:29:27,27.8,B,500
10:29:27,27.8,B,100
10:29:27,27.79,S,200
10:29:28,27.79,S,500
10:29:30,27.8,B,300
10:29:30,27.79,S,2000
10:29:30,27.79,S,1600
10:29:34,27.8,B,97
10:29:34,27.8,B,3
10:29:36,27.79,S,300
10:29:37,27.79,S,400
10:29:39,27.8,B,200
10:29:43,27.8,B,97
10:29:43,27.8,B,400
10:29:43,27.8,B,3
10:29:45,27.79,S,27
10:29:45,27.79,S,200
10:29:45,27.79,S,1500
10:29:45,27.79,S,773
10:29:46,27.79,S,227
10:29:46,27.79,S,773
10:29:47,27.79,S,427
10:29:51,27.79,B,1200
10:30:01,27.79,B,4000
10:30:02,27.79,B,500
10:30:05,27.79,B,500
10:30:09,27.79,B,973
10:30:09,27.79,B,27
10:30:10,27.78,S,690
10:30:10,27.78,S,1000
10:30:10,27.78,S,200
10:30:10,27.78,S,110
10:30:14,27.78,S,100
10:30:17,27.78,S,290
10:30:24,27.78,B,10
10:30:24,27.78,B,390
10:30:25,27.78,B,500
10:30:25,27.78,B,2400
10:30:28,27.78,B,1710
10:30:28,27.78,B,3000
10:30:28,27.78,B,290
10:30:34,27.78,B,710
10:30:34,27.78,B,1290
10:30:35,27.76,S,100
10:30:35,27.76,S,100
10:30:35,27.75,S,600
10:30:35,27.75,S,200
10:30:36,27.76,B,500
10:30:36,27.76,B,1100
10:30:40,27.76,B,1200
10:30:41,27.76,B,500
10:30:43,27.75,S,400
10:30:43,27.72,S,3700
10:30:43,27.71,S,600
10:30:43,27.71,S,300
10:30:43,27.76,B,500
10:30:51,27.75,B,600
10:30:51,27.76,B,400
10:30:54,27.76,B,1000
10:31:04,27.72,B,300
10:31:05,27.72,B,1000
10:31:06,27.72,B,200
10:31:09,27.72,B,500
10:31:14,27.71,S,200
10:31:17,27.72,B,727
10:31:17,27.72,B,100
10:31:20,27.74,B,500
10:31:20,27.75,B,300
10:31:27,27.75,B,73
10:31:27,27.75,B,400
10:31:27,27.76,B,100
10:31:27,27.76,B,227
10:31:27,27.76,B,173
10:31:27,27.76,B,3397
10:31:27,27.76,B,300
10:31:27,27.78,B,300
10:31:27,27.78,B,200
10:31:27,27.79,B,1030
10:31:27,27.79,B,1800
10:31:28,27.79,B,170
10:31:28,27.79,B,30
10:31:29,27.79,B,200
10:31:29,27.78,S,500
10:31:31,27.75,B,500
10:31:32,27.78,S,200
10:31:36,27.79,B,400
10:31:37,27.78,S,200
10:31:37,27.76,S,500
10:31:37,27.74,S,500
10:31:37,27.72,S,173
10:31:37,27.72,B,600
10:31:37,27.72,B,1500
10:31:39,27.72,B,100
10:31:39,27.72,B,500
10:31:41,27.72,B,627
10:31:41,27.72,B,100
10:31:41,27.75,B,873
10:31:43,27.75,B,1200
10:31:43,27.75,B,500
10:31:43,27.75,B,427
10:31:49,27.79,B,670
10:31:49,27.79,B,130
10:31:49,27.79,B,370
10:31:49,27.79,B,1230
10:31:49,27.79,B,1200
10:31:50,27.79,B,500
10:31:51,27.79,B,800
10:31:51,27.79,B,700
10:31:53,27.78,B,100
10:31:53,27.79,B,570
10:31:53,27.79,B,30
10:31:53,27.79,B,500
10:31:55,27.79,B,700
10:31:55,27.79,B,1600
10:31:56,27.79,B,1200
10:31:56,27.79,B,970
10:31:56,27.8,B,100
10:31:56,27.8,B,1000
10:31:56,27.8,B,1530
10:31:56,27.8,B,2400
10:31:57,27.78,B,800
10:31:57,27.78,B,200
10:31:57,27.8,B,500
10:31:57,27.8,B,500
10:31:57,27.8,B,770
10:31:57,27.8,B,200
10:31:57,27.8,B,630
10:31:58,27.8,B,500
10:31:58,27.78,B,400
10:31:58,27.78,B,400
10:31:58,27.78,B,100
10:31:59,27.78,B,100
10:31:59,27.8,B,1500
10:31:59,27.8,B,387
10:31:59,27.8,B,13
10:31:59,27.8,B,100
10:32:00,27.78,S,200
10:32:01,27.78,B,500
10:32:02,27.78,B,3500
10:32:02,27.78,B,800
10:32:02,27.8,B,187
10:32:02,27.8,B,500
10:32:02,27.8,B,200
10:32:02,27.8,B,700
10:32:02,27.8,B,13
10:32:03,27.8,B,287
10:32:03,27.8,B,300
10:32:03,27.8,B,100
10:32:03,27.8,B,13
10:32:03,27.8,B,87
10:32:03,27.8,B,200
10:32:03,27.8,B,100
10:32:03,27.8,B,1000
10:32:03,27.8,B,500
10:32:03,27.81,B,513
10:32:03,27.76,S,3473
10:32:03,27.76,B,427
10:32:03,27.81,B,1173
10:32:04,27.81,B,800
10:32:06,27.81,B,500
10:32:06,27.81,B,400
10:32:06,27.81,B,1600
10:32:08,27.79,S,300
10:32:08,27.79,S,5000
10:32:10,27.81,B,1700
10:32:12,27.81,B,1600
10:32:12,27.81,B,500
10:32:16,27.81,B,400
10:32:17,27.81,B,500
10:32:18,27.81,B,15012
10:32:18,27.81,B,100
10:32:18,27.81,B,200
10:32:18,27.81,B,1000
10:32:18,27.81,B,1000
10:32:18,27.81,B,100
10:32:18,27.81,B,200
10:32:18,27.81,B,400
10:32:18,27.81,B,1000
10:32:18,27.82,B,3600
10:32:18,27.82,B,200
10:32:18,27.82,B,200
10:32:18,27.82,B,1000
10:32:18,27.82,B,2000
10:32:18,27.82,B,1888
10:32:18,27.82,B,112
10:32:18,27.83,B,488
10:32:20,27.83,B,2700
10:32:23,27.81,B,300
10:32:24,27.83,B,500
10:32:24,27.83,B,400
10:32:24,27.82,S,600
10:32:26,27.82,S,100
10:32:28,27.83,B,1900
10:32:29,27.82,S,1200
10:32:29,27.82,S,500
10:32:31,27.81,B,2100
10:32:31,27.83,B,900
10:32:31,27.83,B,4100
10:32:33,27.83,B,200
10:32:33,27.83,B,400
10:32:33,27.81,S,200
10:32:33,27.82,B,1000
10:32:33,27.83,B,780
10:32:33,27.83,B,500
10:32:33,27.83,B,500
10:32:33,27.83,B,800
10:32:33,27.83,B,300
10:32:33,27.83,B,1800
10:32:33,27.83,B,200
10:32:33,27.84,B,200
10:32:33,27.84,B,200
10:32:33,27.84,B,400
10:32:33,27.84,B,200
10:32:33,27.84,B,500
10:32:33,27.85,B,3520
10:32:35,27.85,B,500
10:32:39,27.83,B,200
10:32:39,27.83,S,145
10:32:39,27.85,B,180
10:32:39,27.85,B,600
10:32:39,27.85,B,20
10:32:40,27.83,S,155
10:32:44,27.81,S,97
10:32:46,27.83,B,445
10:32:46,27.85,B,55
10:32:47,27.85,B,100
10:32:48,27.85,B,225
10:32:48,27.85,B,100
10:32:48,27.85,B,175
10:32:51,27.85,B,325
10:32:51,27.85,B,300
10:32:51,27.85,B,1000
10:32:51,27.85,B,1000
10:32:51,27.85,B,300
10:32:51,27.85,B,700
10:32:51,27.85,B,1000
10:32:51,27.86,B,200
10:32:51,27.88,B,300
10:32:51,27.88,B,500
10:32:51,27.88,B,500
10:32:51,27.88,B,500
10:32:51,27.88,B,100
10:32:51,27.89,B,2600
10:32:51,27.89,B,400
10:32:51,27.89,B,2000
10:32:51,27.89,B,400
10:32:51,27.89,B,500
10:32:51,27.89,B,1400
10:32:51,27.89,B,975
10:32:52,27.89,B,400
10:32:56,27.89,B,1000
10:32:58,27.86,S,100
10:33:02,27.89,B,500
10:33:13,27.89,B,125
10:33:13,27.89,B,575
10:33:14,27.89,B,100
10:33:15,27.89,B,500
10:33:15,27.89,B,500
10:33:17,27.89,B,200
10:33:18,27.89,B,125
10:33:18,27.89,B,500
10:33:18,27.89,B,175
10:33:19,27.89,B,500
10:33:21,27.89,B,325
10:33:21,27.89,B,375
10:33:23,27.89,B,625
10:33:23,27.89,B,400
10:33:23,27.89,B,200
10:33:23,27.89,B,100
10:33:23,27.89,B,100
10:33:23,27.89,B,100
10:33:23,27.89,B,300
10:33:23,27.89,B,200
10:33:24,27.9,B,300
10:33:24,27.9,B,100
10:33:29,27.89,S,100
10:33:31,27.9,B,300
10:33:32,27.89,S,1375
10:33:32,27.89,S,300
10:33:32,27.89,S,5000
10:33:32,27.89,S,2500
10:33:32,27.89,S,500
10:33:32,27.89,B,1000
10:33:32,27.89,B,1000
10:33:34,27.89,B,325
10:33:34,27.89,S,175
10:33:36,27.88,B,599
10:33:37,27.89,S,100
10:33:45,27.9,B,100
10:33:45,27.9,B,200
10:33:45,27.9,B,200
10:33:45,27.9,B,100
10:33:45,27.89,S,1301
10:33:45,27.89,S,199
10:33:49,27.89,S,1
10:33:49,27.89,S,299
10:33:50,27.9,B,200
10:33:50,27.9,B,600
10:33:50,27.89,S,601
10:33:50,27.89,S,399
10:33:50,27.9,B,500
10:33:51,27.89,S,1600
10:33:54,27.89,S,1000
10:33:57,27.89,S,400
10:33:59,27.89,S,500
10:34:00,27.89,S,300
10:34:03,27.89,S,2000
10:34:03,27.89,S,100
10:34:03,27.9,B,1200
10:34:04,27.89,S,710
10:34:05,27.9,B,700
10:34:05,27.9,B,200
10:34:05,27.9,B,100
10:34:05,27.89,S,100
10:34:06,27.89,S,500
10:34:07,27.9,B,900
10:34:07,27.9,B,5000
10:34:07,27.9,B,100
10:34:07,27.9,B,500
10:34:07,27.9,B,1000
10:34:07,27.9,B,200
10:34:07,27.9,B,800
10:34:07,27.9,B,1500
10:34:07,27.89,S,2116
10:34:07,27.89,S,275
10:34:07,27.89,S,225
10:34:08,27.9,B,800
10:34:13,27.9,B,100
10:34:14,27.9,B,200
10:34:14,27.9,B,200
10:34:15,27.9,B,2000
10:34:15,27.89,S,500
10:34:15,27.9,B,3000
10:34:15,27.89,S,200
10:34:16,27.9,B,900
10:34:16,27.9,B,1000
10:34:16,27.9,B,4000
10:34:16,27.9,B,300
10:34:16,27.9,B,100
10:34:16,27.9,B,700
10:34:16,27.9,B,2300
10:34:17,27.9,B,300
10:34:17,27.9,B,500
10:34:17,27.9,B,2200
10:34:19,27.89,S,3775
10:34:19,27.89,S,2000
10:34:19,27.89,S,400
10:34:19,27.89,S,1000
10:34:19,27.89,S,500
10:34:19,27.89,S,1200
10:34:19,27.89,S,1000
10:34:20,27.89,B,125
10:34:20,27.9,B,775
10:34:21,27.9,B,800
10:34:22,27.89,B,200
10:34:23,27.89,B,2500
10:34:23,27.89,B,2300
10:34:23,27.9,B,1225
10:34:23,27.9,B,200
10:34:23,27.9,B,500
10:34:23,27.9,B,200
10:34:23,27.9,B,1000
10:34:23,27.9,B,1000
10:34:24,27.9,S,300
10:34:25,27.9,S,200
10:34:31,27.9,S,300
10:34:31,27.9,S,100
10:34:33,27.9,S,100
10:34:38,27.9,S,500
10:34:39,27.9,S,600
10:34:39,27.9,S,500
10:34:42,27.91,B,100
10:34:42,27.91,B,700
10:34:43,27.9,S,100
10:34:43,27.9,S,775
10:34:43,27.9,S,500
10:34:43,27.9,S,3600
10:34:43,27.9,S,1000
10:34:43,27.9,S,1400
10:34:43,27.9,S,500
10:34:44,27.9,B,100
10:34:44,27.9,B,1000
10:34:47,27.89,S,500
10:34:50,27.9,B,1600
10:34:53,27.9,B,425
10:34:53,27.9,B,3200
10:34:53,27.9,B,200
10:34:53,27.9,B,9100
10:34:53,27.9,B,1075
10:34:54,27.89,S,822
10:34:54,27.89,S,100
10:34:56,27.9,B,100
10:34:59,27.89,S,300
10:35:00,27.89,S,278
10:35:00,27.89,S,522
10:35:01,27.9,B,25
10:35:01,27.9,B,100
10:35:01,27.9,B,1000
10:35:01,27.9,B,500
10:35:01,27.9,B,100
10:35:01,27.91,B,300
10:35:01,27.91,B,100
10:35:01,27.91,B,100
10:35:02,27.91,S,2775
10:35:02,27.89,S,678
10:35:02,27.89,S,147
10:35:04,27.89,S,1000
10:35:05,27.9,B,500
10:35:08,27.92,B,100
10:35:08,27.92,B,600
10:35:11,27.92,B,300
10:35:11,27.92,B,1800
10:35:11,27.93,B,600
10:35:11,27.93,B,500
10:35:11,27.93,B,300
10:35:11,27.93,B,500
10:35:11,27.93,B,600
10:35:11,27.93,B,200
10:35:11,27.93,B,100
10:35:11,27.93,B,300
10:35:11,27.93,B,300
10:35:11,27.93,B,300
10:35:11,27.93,B,300
10:35:11,27.93,B,3800
10:35:11,27.93,B,1000
10:35:14,27.93,S,5000
10:35:16,27.93,S,1000
10:35:18,27.94,B,2000
10:35:18,27.94,B,1000
10:35:18,27.94,B,1500
10:35:18,27.95,B,300
10:35:18,27.95,B,200
10:35:18,27.95,B,2000
10:35:18,27.95,B,100
10:35:18,27.95,B,600
10:35:18,27.95,B,100
10:35:18,27.95,B,500
10:35:18,27.95,B,500
10:35:18,27.95,B,1200
10:35:20,27.93,S,2000
10:35:21,27.93,S,300
10:35:21,27.94,B,500
10:35:21,27.95,B,4900
10:35:21,27.95,B,400
10:35:21,27.95,B,3800
10:35:21,27.95,B,100
10:35:21,27.95,B,300
10:35:22,27.93,S,800
10:35:22,27.92,S,213
10:35:24,27.92,S,200
10:35:24,27.92,S,1000
10:35:24,27.92,S,2987
10:35:24,27.91,S,100
10:35:24,27.9,S,200
10:35:24,27.9,S,500
10:35:24,27.9,S,200
10:35:24,27.9,S,1000
10:35:24,27.9,S,100
10:35:24,27.89,S,353
10:35:24,27.89,S,200
10:35:28,27.89,B,200
10:35:32,27.89,B,1000
10:35:33,27.89,B,2600
10:35:33,27.89,B,560
10:35:33,27.89,B,100
10:35:33,27.93,B,1340
10:35:36,27.86,S,800
10:35:43,27.92,B,500
10:35:43,27.93,B,4500
10:35:43,27.93,B,1000
10:35:45,27.89,S,1000
10:35:47,27.93,B,100
10:35:49,27.93,B,200
10:35:49,27.93,B,500
10:35:52,27.92,S,200
10:35:52,27.92,S,300
10:35:53,27.92,S,300
10:35:53,27.89,S,222
10:35:53,27.92,B,700
10:35:53,27.93,B,2500
10:35:54,27.89,S,300
10:35:56,27.89,S,478
10:35:56,27.89,S,22
10:36:03,27.91,B,700
10:36:04,27.9,S,2000
10:36:04,27.9,S,1000
10:36:07,27.9,S,1000
10:36:07,27.91,B,600
10:36:07,27.91,B,200
10:36:09,27.91,B,500
10:36:15,27.91,B,1000
10:36:15,27.91,B,100
10:36:18,27.91,B,100
10:36:19,27.91,B,100
10:36:19,27.9,S,8000
10:36:20,27.91,B,200
10:36:20,27.91,B,200
10:36:20,27.91,B,600
10:36:20,27.92,B,2000
10:36:20,27.92,B,700
10:36:23,27.9,S,5000
10:36:25,27.9,S,100
10:36:26,27.91,B,200
10:36:26,27.91,B,100
10:36:29,27.91,B,300
10:36:30,27.91,S,300
10:36:30,27.91,B,200
10:36:30,27.91,S,200
10:36:34,27.9,S,2900
10:36:36,27.9,B,1000
10:36:36,27.9,B,400
10:36:40,27.9,B,200
10:36:41,27.9,B,200
10:36:41,27.9,B,100
10:36:42,27.9,B,200
10:36:50,27.9,B,500
10:36:52,27.89,S,978
10:36:52,27.89,S,1000
10:36:52,27.89,S,22
10:36:56,27.89,S,2000
10:36:59,27.89,S,100
10:36:59,27.89,S,300
10:36:59,27.89,B,200
10:37:00,27.89,B,3300
10:37:00,27.89,B,200
10:37:00,27.89,B,900
10:37:00,27.9,B,3200
10:37:02,27.88,S,1000
10:37:02,27.88,S,200
10:37:05,27.87,S,400
10:37:08,27.87,S,1600
10:37:19,27.86,S,1200
10:37:24,27.86,B,300
10:37:24,27.87,B,1700
10:37:29,27.86,S,5000
10:37:30,27.86,S,500
10:37:31,27.86,S,100
10:37:32,27.86,S,4400
10:37:33,27.83,S,400
10:37:37,27.83,B,600
10:37:37,27.85,B,1200
10:37:41,27.82,S,500
10:37:44,27.83,B,500
10:37:49,27.83,S,5000
10:37:51,27.83,S,761
10:37:52,27.83,S,300
10:37:52,27.84,B,100
10:37:54,27.84,B,1900
10:37:58,27.84,B,300
10:37:58,27.83,S,1539
10:38:00,27.83,B,200
10:38:00,27.83,B,200
10:38:09,27.82,S,1000
10:38:12,27.83,B,2700
10:38:16,27.83,B,2000
10:38:17,27.82,S,1000
10:38:22,27.83,B,700
10:38:24,27.83,B,2361
10:38:24,27.83,B,500
10:38:24,27.84,B,139
10:38:24,27.83,B,1000
10:38:25,27.83,S,200
10:38:28,27.84,B,500
10:38:30,27.84,B,400
10:38:32,27.83,S,200
10:38:35,27.84,B,1600
10:38:36,27.84,B,61
10:38:36,27.84,B,1000
10:38:36,27.84,B,139
10:38:37,27.84,B,160
10:38:37,27.85,B,500
10:38:38,27.84,S,1840
10:38:38,27.83,S,160
10:38:43,27.84,S,500
10:38:50,27.84,S,1700
10:38:50,27.84,S,5000
10:38:50,27.84,S,8000
10:38:50,27.84,S,2000
10:38:51,27.84,B,6900
10:38:52,27.84,B,500
10:38:52,27.84,B,300
10:38:54,27.84,B,200
10:38:54,27.84,B,2900
10:38:55,27.84,B,400
10:38:55,27.85,B,200
10:38:57,27.84,S,1000
10:38:57,27.84,B,500
10:38:58,27.84,B,500
10:38:59,27.84,B,300
10:38:59,27.84,B,1000
10:39:01,27.85,B,2800
10:39:05,27.85,B,1200
10:39:07,27.85,B,1000
10:39:08,27.85,B,500
10:39:18,27.85,B,500
10:39:18,27.84,S,102
10:39:19,27.85,B,100
10:39:22,27.85,B,4400
10:39:22,27.85,B,2500
10:39:24,27.85,B,500
10:39:25,27.85,B,8600
10:39:25,27.85,B,1000
10:39:25,27.85,B,200
10:39:27,27.85,B,400
10:39:27,27.85,B,200
10:39:29,27.86,B,500
10:39:31,27.85,B,200
10:39:31,27.86,B,200
10:39:31,27.86,B,100
10:39:39,27.86,B,400
10:39:39,27.86,B,100
10:39:40,27.85,S,300
10:39:41,27.85,S,105
10:39:41,27.86,B,400
10:39:41,27.86,B,100
10:39:42,27.85,S,500
10:39:43,27.86,B,900
10:39:46,27.86,S,100
10:39:52,27.86,S,200
10:39:52,27.85,S,517
10:39:53,27.85,S,778
10:39:53,27.85,S,22
10:39:56,27.85,S,78
10:39:56,27.85,S,1122
10:39:58,27.86,B,100
10:40:01,27.87,B,4500
10:40:01,27.88,B,500
10:40:04,27.88,B,900
10:40:05,27.86,S,500
10:40:07,27.88,B,500
10:40:08,27.88,B,100
10:40:09,27.89,B,1000
10:40:09,27.9,B,500
10:40:09,27.88,S,296
10:40:10,27.9,B,500
10:40:10,27.9,B,1000
10:40:10,27.9,B,600
10:40:10,27.9,B,500
10:40:10,27.9,B,400
10:40:10,27.88,S,100
10:40:12,27.9,B,200
10:40:12,27.9,B,200
10:40:12,27.88,S,1000
10:40:12,27.9,B,800
10:40:13,27.9,B,100
10:40:13,27.9,B,500
10:40:13,27.9,B,400
10:40:13,27.9,B,800
10:40:14,27.9,B,1200
10:40:14,27.9,B,200
10:40:15,27.9,B,900
10:40:15,27.9,B,1500
10:40:15,27.9,B,500
10:40:15,27.9,B,1600
10:40:15,27.9,B,1600
10:40:15,27.9,B,600
10:40:16,27.9,B,3300
10:40:16,27.88,S,500
10:40:16,27.9,B,900
10:40:16,27.9,B,600
10:40:16,27.9,B,200
10:40:16,27.89,S,200
10:40:16,27.88,S,200
10:40:16,27.9,B,500
10:40:17,27.9,B,500
10:40:17,27.9,B,1500
10:40:17,27.88,S,2000
10:40:17,27.9,B,600
10:40:17,27.9,B,1000
10:40:18,27.9,B,800
10:40:18,27.9,B,100
10:40:18,27.9,B,100
10:40:18,27.9,B,2400
10:40:18,27.9,B,1600
10:40:18,27.9,B,100
10:40:19,27.9,B,600
10:40:19,27.9,B,1600
10:40:19,27.9,B,500
10:40:19,27.9,B,100
10:40:20,27.9,B,1800
10:40:20,27.9,B,5400
10:40:20,27.9,B,1600
10:40:20,27.9,B,1200
10:40:20,27.9,B,200
10:40:20,27.91,B,1200
10:40:20,27.91,B,200
10:40:20,27.91,B,400
10:40:20,27.91,B,2000
10:40:21,27.91,B,100
10:40:21,27.91,B,900
10:40:21,27.91,B,400
10:40:21,27.91,B,2400
10:40:22,27.91,B,1200
10:40:22,27.91,B,200
10:40:22,27.91,B,1200
10:40:22,27.92,B,400
10:40:22,27.92,B,100
10:40:22,27.92,B,100
10:40:22,27.92,B,200
10:40:23,27.92,B,400
10:40:23,27.92,B,400
10:40:23,27.92,B,500
10:40:23,27.92,B,300
10:40:23,27.92,B,200
10:40:23,27.92,B,800
10:40:23,27.92,B,400
10:40:23,27.92,B,600
10:40:23,27.92,B,800
10:40:24,27.92,B,600
10:40:24,27.92,B,200
10:40:24,27.92,B,800
10:40:24,27.93,B,200
10:40:24,27.93,B,400
10:40:24,27.93,B,400
10:40:25,27.93,B,60
10:40:25,27.93,B,1000
10:40:25,27.93,B,140
10:40:25,27.93,B,100
10:40:26,27.93,B,60
10:40:26,27.93,B,440
10:40:26,27.93,B,60
10:40:26,27.93,B,500
10:40:26,27.94,B,600
10:40:26,27.94,B,40
10:40:27,27.94,B,400
10:40:27,27.94,B,800
10:40:27,27.92,S,500
10:40:29,27.94,B,760
10:40:29,27.95,B,440
10:40:29,27.95,B,160
10:40:29,27.95,B,200
10:40:29,27.95,B,1000
10:40:29,27.95,B,1000
10:40:29,27.95,B,300
10:40:29,27.95,B,200
10:40:29,27.95,B,500
10:40:29,27.95,B,500
10:40:29,27.95,B,940
10:40:29,27.95,B,60
10:40:29,27.95,B,100
10:40:29,27.95,B,300
10:40:29,27.95,B,500
10:40:29,27.95,B,500
10:40:29,27.95,B,1000
10:40:29,27.95,B,200
10:40:29,27.96,B,500
10:40:29,27.96,B,1300
10:40:29,27.96,B,100
10:40:29,27.96,B,400
10:40:29,27.97,B,100
10:40:29,27.97,B,100
10:40:29,27.97,B,4000
10:40:29,27.97,B,500
10:40:29,27.97,B,11600
10:40:29,27.98,B,100
10:40:29,27.98,B,200
10:40:29,27.98,B,800
10:40:29,27.98,B,2000
10:40:29,27.98,B,3000
10:40:29,27.98,B,1000
10:40:29,27.98,B,500
10:40:29,27.98,B,200
10:40:29,27.98,B,500
10:40:29,27.98,B,500
10:40:29,27.98,B,10240
10:40:29,27.98,B,2500
10:40:31,27.98,B,600
10:40:31,27.97,S,400
10:40:31,27.94,S,900
10:40:31,27.92,S,700
10:40:34,27.98,B,400
10:40:34,27.98,B,1200
10:40:36,27.98,B,1200
10:40:38,27.98,B,400
10:40:38,27.98,B,1200
10:40:40,27.98,B,12260
10:40:40,27.98,B,300
10:40:40,27.98,B,140
10:40:41,27.98,B,860
10:40:41,27.98,B,400
10:40:41,27.99,B,500
10:40:41,27.99,B,200
10:40:41,27.99,B,1040
10:40:41,27.99,B,400
10:40:41,27.99,B,560
10:40:41,27.99,B,240
10:40:42,27.99,B,100
10:40:42,27.99,B,160
10:40:42,27.99,B,440
10:40:43,27.99,B,400
10:40:44,27.99,B,1600
10:40:44,27.99,B,800
10:40:44,27.99,B,260
10:40:44,27.99,B,100
10:40:44,27.99,B,40
10:40:45,27.99,B,900
10:40:45,27.99,B,60
10:40:45,27.99,B,1000
10:40:45,27.99,B,300
10:40:45,27.99,B,500
10:40:45,27.99,B,1000
10:40:45,27.99,B,800
10:40:45,27.99,B,100
10:40:45,27.99,B,1240
10:40:45,27.99,B,500
10:40:47,27.99,B,300
10:40:47,27.98,S,300
10:40:47,27.98,S,500
10:40:47,27.98,S,291
10:40:48,27.99,B,1200
10:40:48,27.98,S,1709
10:40:48,27.96,S,291
10:40:48,27.99,B,1000
10:40:49,27.99,B,400
10:40:49,27.99,B,800
10:40:50,27.99,B,3900
10:40:51,27.99,B,5000
10:40:52,27.98,S,400
10:40:52,27.98,S,2200
10:40:52,27.98,S,500
10:40:52,27.96,S,9
10:40:52,27.95,S,1891
10:40:52,27.99,B,15660
10:40:52,27.99,B,300
10:40:52,27.99,B,3000
10:40:52,27.99,B,100
10:40:52,28.0,B,940
10:40:54,28.0,B,1200
10:40:54,27.99,S,900
10:40:55,28.0,B,500
10:40:56,27.99,S,100
10:40:56,27.99,B,500
10:40:56,27.99,B,200
10:40:56,28.0,B,200
10:40:57,27.99,S,1000
10:40:57,27.99,S,1000
10:40:58,27.99,S,500
10:40:58,28.0,B,2160
10:40:58,28.0,B,200
10:40:58,28.0,B,200
10:40:58,28.0,B,500
10:40:58,28.0,B,300
10:40:58,28.0,B,1000
10:40:58,28.0,B,1000
10:40:58,28.0,B,400
10:40:58,28.0,B,100
10:40:58,28.0,B,4000
10:40:58,28.0,B,500
10:40:58,28.0,B,7500
10:40:58,28.0,B,100
10:40:58,28.0,B,200
10:40:58,28.0,B,400
10:40:58,28.0,B,1000
10:40:58,28.0,B,200
10:40:58,28.0,B,2000
10:40:58,28.0,B,100
10:40:58,28.0,B,200
10:40:58,28.0,B,200
10:40:58,28.0,B,2000
10:40:58,28.0,B,100
10:40:58,28.0,B,200
10:40:58,28.0,B,1000
10:40:58,28.0,B,600
10:40:58,28.0,B,700
10:40:58,28.0,B,100
10:40:58,28.0,B,300
10:40:58,28.0,B,50000
10:40:58,28.0,B,400
10:40:58,28.0,B,100
10:40:58,28.0,B,500
10:40:58,28.0,B,500
10:40:58,28.0,B,3000
10:40:58,28.0,B,200
10:40:58,28.0,B,1000
10:40:58,28.0,B,300
10:40:58,28.0,B,12640
10:40:59,28.0,B,500
10:40:59,28.0,B,10000
10:41:00,28.0,B,600
10:41:01,28.0,B,1600
10:41:02,28.0,B,3000
10:41:02,28.0,B,300
10:41:03,28.0,B,500
10:41:04,28.0,B,860
10:41:04,28.0,B,100
10:41:04,28.0,B,40
10:41:05,28.0,B,200
10:41:05,28.0,B,260
10:41:05,28.0,B,240
10:41:06,27.99,S,1000
10:41:06,27.99,S,1000
10:41:06,28.0,B,100
10:41:08,28.0,B,160
10:41:08,28.0,B,100
10:41:08,28.0,B,40
10:41:08,28.0,B,960
10:41:08,28.0,B,300
10:41:08,28.0,B,1000
10:41:08,28.0,B,100
10:41:08,28.0,B,500
10:41:08,28.0,B,200
10:41:08,28.0,B,140
10:41:08,28.0,B,160
10:41:08,28.0,B,340
10:41:08,28.0,B,1000
10:41:09,28.0,B,660
10:41:09,28.0,B,40
10:41:09,28.0,B,160
10:41:09,28.0,B,140
10:41:11,28.0,B,160
10:41:11,28.0,B,100
10:41:11,28.0,B,500
10:41:11,28.0,B,240
10:41:11,28.0,B,260
10:41:11,28.0,B,500
10:41:11,28.0,B,240
10:41:12,28.0,B,60
10:41:12,28.0,B,500
10:41:12,28.0,B,600
10:41:12,28.0,B,1000
10:41:12,28.0,B,500
10:41:12,28.0,B,340
10:41:12,28.0,B,3000
10:41:12,28.0,B,1000
10:41:13,28.0,B,500
10:41:13,27.99,S,1700
10:41:14,28.0,B,1060
10:41:14,28.0,B,1940
10:41:14,28.0,B,60
10:41:14,28.0,B,940
10:41:14,28.0,B,60
10:41:14,28.0,B,300
10:41:14,28.0,B,1000
10:41:14,28.0,B,200
10:41:14,28.0,B,5000
10:41:14,28.01,B,500
10:41:16,28.0,S,200
10:41:16,28.01,B,500
10:41:16,28.0,S,1000
10:41:18,28.01,B,1000
10:41:18,28.03,B,600
10:41:18,28.03,B,300
10:41:18,28.04,B,700
10:41:18,28.04,B,6000
10:41:18,28.04,B,400
10:41:18,28.05,B,1000
10:41:20,28.05,B,100
10:41:20,28.05,B,3000
10:41:20,28.06,B,400
10:41:20,28.06,B,500
10:41:20,28.0,S,3000
10:41:20,28.0,S,121
10:41:21,28.02,S,1000
10:41:21,28.0,S,1000
10:41:24,28.06,B,100
10:41:24,28.07,B,300
10:41:24,28.08,B,400
10:41:24,28.08,B,100
10:41:24,28.08,B,600
10:41:24,28.09,B,300
10:41:24,28.1,B,200
10:41:24,28.1,B,400
10:41:24,28.1,B,300
10:41:24,28.0,S,500
10:41:24,28.0,S,400
10:41:27,28.01,S,300
10:41:27,28.0,S,11700
10:41:27,28.06,S,500
10:41:28,28.06,S,300
10:41:28,28.0,S,2700
10:41:29,28.0,S,2000
10:41:30,28.05,S,500
10:41:32,28.0,S,208
10:41:32,28.01,S,1000
10:41:32,28.0,S,200
10:41:33,28.06,B,100
10:41:34,28.06,S,400
10:41:34,28.0,S,100
10:41:35,28.0,S,200
10:41:35,28.1,B,1200
10:41:37,28.1,B,1000
10:41:38,28.01,S,100
10:41:38,28.01,S,4900
10:41:38,28.1,B,600
10:41:38,28.02,B,500
10:41:39,28.01,S,100
10:41:39,28.0,S,454
10:41:40,28.09,B,3000
10:41:44,28.09,B,2000
10:41:44,28.09,B,700
10:41:46,28.09,B,100
10:41:47,28.09,B,300
10:41:49,28.09,B,1000
10:41:49,28.08,B,300
10:41:50,28.08,B,500
10:41:51,28.08,B,400
10:41:53,28.07,S,500
10:41:53,28.07,S,525
10:41:54,28.08,B,300
10:41:54,28.08,B,500
10:41:55,28.08,B,3000
10:41:55,28.08,B,5900
10:41:55,28.08,B,500
10:41:57,28.08,B,2000
10:41:58,28.08,B,1000
10:41:58,28.08,B,200
10:41:58,28.08,B,200
10:41:58,28.09,B,5200
10:41:58,28.09,B,1000
10:41:58,28.09,B,200
10:41:58,28.09,B,1900
10:42:00,28.09,B,100
10:42:00,28.09,B,100
10:42:00,28.09,B,100
10:42:01,28.1,B,200
10:42:02,28.09,S,200
10:42:03,28.09,S,100
10:42:03,28.09,S,800
10:42:04,28.09,S,200
10:42:04,28.09,S,800
10:42:04,28.09,S,2000
10:42:04,28.09,S,800
10:42:05,28.09,S,500
10:42:08,28.1,B,1000
10:42:09,28.09,S,500
10:42:09,28.09,S,600
10:42:11,28.09,S,2000
10:42:11,28.1,B,200
10:42:12,28.1,B,1800
10:42:12,28.09,S,600
10:42:13,28.09,S,100
10:42:13,28.09,S,500
10:42:14,28.1,B,600
10:42:15,28.1,B,500
10:42:16,28.1,B,300
10:42:17,28.09,S,300
10:42:17,28.09,S,300
10:42:18,28.1,B,2900
10:42:18,28.1,B,1900
10:42:18,28.1,B,1000
10:42:18,28.1,B,1400
10:42:19,28.09,S,300
10:42:19,28.1,B,100
10:42:19,28.1,B,1400
10:42:19,28.09,S,800
10:42:19,28.09,S,100
10:42:19,28.1,B,500
10:42:19,28.09,S,1200
10:42:19,28.09,S,2000
10:42:19,28.09,S,1000
10:42:19,28.09,S,200
10:42:20,28.08,S,100
10:42:22,28.09,B,500
10:42:22,28.09,B,2800
10:42:22,28.09,B,400
10:42:23,28.09,B,2000
10:42:24,28.08,S,382
10:42:26,28.09,B,200
10:42:26,28.09,B,100
10:42:27,28.09,B,500
10:42:27,28.09,B,1300
10:42:27,28.09,B,500
10:42:28,28.09,B,300
10:42:28,28.09,B,700
10:42:29,28.09,B,300
10:42:29,28.09,B,400
10:42:30,28.09,B,500
10:42:30,28.09,B,3000
10:42:31,28.09,B,300
10:42:31,28.09,B,400
10:42:33,28.09,B,100
10:42:34,28.09,B,200
10:42:35,28.09,B,100
10:42:35,28.09,B,100
10:42:35,28.08,S,18
10:42:36,28.07,B,282
10:42:36,28.09,B,118
10:42:36,28.09,B,600
10:42:40,28.06,B,200
10:42:40,28.06,B,200
10:42:40,28.08,B,800
10:42:42,28.07,B,100
10:42:46,28.07,B,100
10:42:46,28.07,B,4000
10:42:46,28.08,B,4200
10:42:46,28.08,B,500
10:42:46,28.08,B,9000
10:42:46,28.09,B,982
10:42:46,28.09,B,500
10:42:46,28.09,B,3700
10:42:46,28.09,B,2300
10:42:46,28.09,B,400
10:42:46,28.09,B,2000
10:42:46,28.09,B,500
10:42:46,28.09,B,400
10:42:46,28.09,B,200
10:42:46,28.09,B,1000
10:42:46,28.09,B,200
10:42:46,28.09,B,200
10:42:46,28.09,B,2000
10:42:46,28.09,B,4000
10:42:46,28.09,B,1000
10:42:46,28.09,B,200
10:42:46,28.09,B,5000
10:42:46,28.09,B,1000
10:42:46,28.1,B,1600
10:42:46,28.1,B,500
10:42:46,28.1,B,3700
10:42:46,28.1,B,300
10:42:46,28.1,B,518
10:42:47,28.08,B,500
10:42:47,28.05,S,100
10:42:48,28.08,B,100
10:42:49,28.08,B,600
10:42:49,28.08,B,400
10:42:51,28.05,S,900
10:42:51,28.05,S,500
10:42:51,28.05,S,600
10:42:52,28.08,B,400
10:42:52,28.05,S,100
10:42:53,28.08,B,300
10:42:53,28.08,B,5000
10:42:54,28.08,B,100
10:42:56,28.08,B,1000
10:42:56,28.05,S,300
10:42:56,28.05,S,2000
10:42:56,28.03,S,2700
10:42:57,28.08,B,300
10:42:58,28.03,S,300
10:43:00,28.05,B,500
10:43:03,28.03,S,1000
10:43:04,28.05,B,100
10:43:04,28.05,B,500
10:43:04,28.05,B,300
10:43:10,28.05,B,200
10:43:10,28.05,B,500
10:43:10,28.05,B,3000
10:43:10,28.05,B,1000
10:43:10,28.07,B,300
10:43:10,28.07,B,100
10:43:10,28.07,B,200
10:43:10,28.07,B,4500
10:43:10,28.07,B,1000
10:43:10,28.07,B,2000
10:43:10,28.08,B,21900
10:43:14,28.05,B,700
10:43:19,28.05,B,3300
10:43:19,28.05,B,200
10:43:21,28.05,S,500
10:43:22,28.05,B,300
10:43:24,28.05,B,1200
10:43:24,28.05,B,300
10:43:25,28.05,B,200
10:43:27,28.05,B,1000
10:43:29,28.04,S,103
10:43:29,28.04,S,397
10:43:29,28.03,S,3
10:43:30,28.05,B,1000
10:43:30,28.05,B,500
10:43:30,28.05,B,1000
10:43:32,28.03,S,100
10:43:32,28.04,B,800
10:43:32,28.05,B,400
10:43:34,28.05,S,200
10:43:34,28.05,S,100
10:43:34,28.04,S,300
10:43:34,28.04,S,100
10:43:35,28.03,S,1097
10:43:35,28.03,S,903
10:43:36,28.04,B,1600
10:43:36,28.05,B,700
10:43:37,28.05,S,500
10:43:40,28.05,S,200
10:43:40,28.05,S,104
10:43:41,28.05,S,100
10:43:44,28.05,S,196
10:43:44,28.05,S,4
10:43:44,28.05,S,496
10:43:44,28.04,B,100
10:43:46,28.03,S,97
10:43:46,28.03,S,600
10:43:48,28.01,S,500
10:43:49,28.03,B,3
10:43:49,28.03,B,300
10:43:49,28.04,B,97
10:43:51,28.04,B,200
10:43:58,28.04,B,600
10:43:58,28.04,B,507
10:43:58,28.04,B,400
10:43:58,28.04,B,500
10:43:58,28.05,B,200
10:43:58,28.05,B,300
10:43:58,28.05,B,500
10:43:58,28.05,B,1000
10:43:58,28.05,B,400
10:43:58,28.05,B,500
10:43:58,28.05,B,993
10:44:05,28.05,B,407
10:44:05,28.05,B,400
10:44:05,28.05,B,100
10:44:05,28.05,B,93
10:44:06,28.04,S,500
10:44:06,28.04,S,100
10:44:06,28.03,S,1000
10:44:10,28.03,B,200
10:44:10,28.04,B,100
10:44:13,28.04,B,200
10:44:13,28.05,B,507
10:44:13,28.05,B,500
10:44:13,28.05,B,1000
10:44:13,28.05,B,500
10:44:13,28.05,B,300
10:44:13,28.05,B,5000
10:44:13,28.05,B,100
10:44:13,28.05,B,93
10:44:14,28.03,B,200
10:44:15,28.05,B,407
10:44:15,28.05,B,500
10:44:16,28.05,S,200
10:44:17,28.05,S,500
10:44:17,28.05,S,100
10:44:21,28.05,S,1300
10:44:23,28.05,S,700
10:44:30,28.05,S,400
10:44:30,28.05,S,200
10:44:31,28.05,S,300
10:44:34,28.05,S,893
10:44:34,28.04,S,200
10:44:34,28.04,S,907
10:44:36,28.05,B,900
10:44:36,28.05,B,400
10:44:36,28.05,B,300
10:44:37,28.04,S,93
10:44:37,28.04,S,122
10:44:37,28.04,S,4678
10:44:38,28.04,B,300
10:44:39,28.04,B,22
10:44:39,28.05,B,300
10:44:39,28.05,B,400
10:44:39,28.06,B,200
10:44:39,28.06,B,3378
10:44:40,28.06,B,1100
10:44:42,28.03,S,700
10:44:43,28.05,B,100
10:44:43,28.05,B,400
10:44:45,28.05,B,500
10:44:45,28.05,B,2600
10:44:45,28.05,B,200
10:44:45,28.05,B,2000
10:44:45,28.05,B,1200
10:44:52,28.04,B,500
10:44:54,28.05,B,900
10:44:56,28.05,B,2300
10:44:56,28.05,B,500
10:44:56,28.05,B,100
10:44:56,28.05,B,100
10:44:56,28.05,B,100
10:44:56,28.05,B,300
10:44:56,28.05,B,1600
10:44:57,28.05,B,1400
10:44:57,28.05,B,400
10:44:57,28.05,S,200
10:45:01,28.05,S,100
10:45:01,28.03,S,4000
10:45:03,28.04,B,400
10:45:03,28.04,B,100
10:45:03,28.05,B,200
10:45:07,28.05,B,700
10:45:07,28.05,B,300
10:45:07,28.05,B,700
10:45:07,28.05,B,100
10:45:07,28.06,B,5522
10:45:07,28.06,B,100
10:45:07,28.06,B,200
10:45:07,28.06,B,1500
10:45:07,28.06,B,1000
10:45:07,28.06,B,9000
10:45:07,28.06,B,6800
10:45:10,28.06,S,1000
10:45:10,28.06,S,2378
10:45:11,28.04,S,500
10:45:11,28.03,S,600
10:45:13,28.05,B,100
10:45:17,28.03,S,2500
10:45:17,28.03,S,800
10:45:17,28.03,S,200
10:45:17,28.02,S,200
10:45:17,28.02,S,2200
10:45:17,28.02,B,1000
10:45:19,28.02,B,2300
10:45:19,28.02,B,200
10:45:23,28.02,B,400
10:45:23,28.02,B,300
10:45:31,28.01,S,700
10:45:31,28.01,S,2800
10:45:31,28.01,S,1000
10:45:31,28.0,S,2000
10:45:31,28.0,S,1000
10:45:31,28.0,S,100
10:45:31,28.0,S,400
10:45:31,28.0,S,1000
10:45:31,28.0,S,2300
10:45:31,28.0,S,1000
10:45:31,28.0,S,2000
10:45:31,28.0,S,700
10:45:33,28.02,B,4000
10:45:34,28.02,B,400
10:45:38,28.02,B,300
10:45:39,28.02,B,500
10:45:39,28.0,S,200
10:45:40,28.0,S,100
10:45:40,28.0,S,100
10:45:40,28.0,S,500
10:45:40,27.99,S,500
10:45:40,27.97,S,2000
10:45:41,27.97,B,500
10:45:41,28.0,B,4500
10:45:47,27.95,S,300
10:45:53,28.0,B,2000
10:45:54,28.0,B,4800
10:45:54,28.0,B,5000
10:45:54,28.0,B,200
10:46:04,27.95,S,100
10:46:07,28.0,B,100
10:46:08,28.0,S,400
10:46:08,27.95,S,1000
10:46:08,27.95,S,800
10:46:09,27.95,S,200
10:46:10,27.95,B,500
10:46:18,28.0,B,200
10:46:19,28.0,B,1000
10:46:21,28.0,B,7000
10:46:23,27.95,S,600
10:46:24,28.0,B,2000
10:46:28,27.99,B,500
10:46:31,27.95,S,300
10:46:32,27.95,S,900
10:46:35,27.95,S,1800
10:46:36,27.95,S,5000
10:46:38,27.95,S,600
10:46:40,27.99,B,100
10:46:40,27.99,B,500
10:46:45,27.98,B,100
10:46:52,27.98,B,400
10:46:52,27.98,B,200
10:46:52,27.99,B,2700
10:46:54,27.98,B,200
10:46:54,27.96,S,300
10:46:54,27.96,S,200
10:46:58,27.98,B,1100
10:46:58,27.99,B,1200
10:46:58,27.99,B,500
10:47:01,27.96,S,300
10:47:05,27.96,S,3000
10:47:08,27.98,B,900
10:47:10,27.98,B,100
10:47:10,27.98,B,1000
10:47:11,27.97,S,500
10:47:11,27.96,S,2500
10:47:11,27.96,S,7800
10:47:11,27.96,S,300
10:47:13,27.96,B,1500
10:47:15,27.95,S,300
10:47:15,27.95,S,200
10:47:18,27.95,S,1000
10:47:18,27.96,B,500
10:47:19,27.96,B,100
10:47:22,27.96,B,500
10:47:25,27.96,B,500
10:47:25,27.96,B,500
