Time,Price,BuySell,Volume
09:25:01,8.11,B,3000
09:25:01,8.11,B,17000
09:25:01,8.11,S,100
09:25:01,8.11,S,43
09:25:01,8.11,B,57
09:25:01,8.11,S,2800
09:25:01,8.11,S,1200
09:25:01,8.11,S,800
09:25:01,8.11,S,1100
09:25:01,8.11,S,200
09:25:01,8.11,S,1100
09:25:01,8.11,S,600
09:25:01,8.11,S,1200
09:25:01,8.11,S,1200
09:25:01,8.11,S,1000
09:25:01,8.11,S,400
09:25:01,8.11,S,600
09:25:01,8.11,S,4800
09:25:01,8.11,S,4800
09:25:01,8.11,S,2400
09:25:01,8.11,S,800
09:25:01,8.11,S,300
09:25:01,8.11,S,1000
09:25:01,8.11,S,61
09:25:01,8.11,S,200
09:25:01,8.11,S,600
09:25:01,8.11,S,1400
09:25:01,8.11,S,600
09:25:01,8.11,S,100
09:25:01,8.11,S,12000
09:25:01,8.11,S,839
09:25:01,8.11,S,300
09:25:01,8.11,S,500
09:25:01,8.11,S,300
09:25:01,8.11,S,1061
09:25:01,8.11,S,3939
09:25:01,8.11,S,900
09:25:01,8.11,B,2400
09:25:01,8.11,S,6000
09:25:01,8.11,B,2000
09:25:01,8.11,S,400
09:25:01,8.11,S,100
09:25:01,8.11,S,1000
09:25:01,8.11,S,1000
09:25:01,8.11,B,1000
09:25:01,8.11,S,200
09:25:01,8.11,S,600
09:25:01,8.11,S,1000
09:25:01,8.11,S,2000
09:25:01,8.11,S,200
09:25:01,8.11,B,1000
09:25:01,8.11,S,100
09:25:01,8.11,S,200
09:25:01,8.11,S,100
09:25:01,8.11,S,100
09:25:01,8.11,S,200
09:25:01,8.11,S,3000
09:25:01,8.11,S,300
09:25:01,8.11,S,200
09:25:01,8.11,S,2461
09:25:01,8.11,S,1239
09:25:01,8.11,S,1200
09:25:01,8.11,S,400
09:25:01,8.11,S,100
09:25:01,8.11,S,3000
09:25:01,8.11,S,100
09:25:01,8.11,S,8000
09:25:01,8.11,S,4000
09:25:01,8.11,S,200
09:25:01,8.11,S,400
09:25:01,8.11,S,200
09:25:01,8.11,S,300
09:25:01,8.11,S,1000
09:25:01,8.11,S,300
09:25:01,8.11,S,100
09:25:01,8.11,S,2000
09:25:01,8.11,S,100
09:25:01,8.11,S,1000
09:25:01,8.11,S,100
09:25:01,8.11,S,12300
09:25:01,8.11,S,2000
09:25:01,8.11,S,100
09:25:01,8.11,S,400
09:25:01,8.11,S,100
09:25:01,8.11,S,100
09:25:01,8.11,S,5000
09:25:01,8.11,S,300
09:25:01,8.11,S,1961
09:25:01,8.11,S,5000
09:25:01,8.11,S,800
09:25:01,8.11,S,2239
09:25:01,8.11,S,2761
09:25:01,8.11,B,7239
09:25:01,8.11,B,200
09:25:01,8.11,B,561
09:25:01,8.11,B,439
09:25:01,8.11,B,61
09:25:01,8.11,S,639
09:25:01,8.11,S,100
09:25:01,8.11,S,100
09:25:01,8.11,S,261
09:25:01,8.11,S,100
09:25:01,8.11,S,39
09:25:01,8.11,S,261
09:25:01,8.11,S,800
09:25:01,8.11,S,400
09:25:01,8.11,S,1039
09:25:01,8.11,S,1000
09:25:01,8.11,S,100
09:25:01,8.11,S,300
09:25:01,8.11,S,100
09:25:01,8.11,S,100
09:25:01,8.11,S,100
09:25:01,8.11,S,200
09:25:01,8.11,S,200
09:25:01,8.11,S,100
09:25:01,8.11,S,1000
09:25:01,8.11,S,600
09:25:01,8.11,S,100
09:25:01,8.11,S,2161
09:25:01,8.11,S,839
09:25:01,8.11,S,1000
09:25:01,8.11,S,1161
09:25:01,8.11,B,1000
09:25:01,8.11,B,39
09:25:01,8.11,B,100
09:25:01,8.11,B,600
09:25:01,8.11,B,200
09:25:01,8.11,B,100
09:25:01,8.11,B,300
09:25:01,8.11,B,500
09:25:01,8.11,B,100
09:25:01,8.11,B,100
09:25:01,8.11,B,1300
09:25:01,8.11,B,2000
09:25:01,8.11,B,1261
09:25:01,8.11,B,239
09:25:01,8.11,B,100
09:25:01,8.11,B,161
09:25:01,8.11,B,139
09:25:01,8.11,B,200
09:25:01,8.11,B,600
09:25:01,8.11,B,2000
09:25:01,8.11,B,100
09:25:01,8.11,B,5000
09:25:01,8.11,B,100
09:25:01,8.11,B,900
09:25:01,8.11,B,300
09:25:01,8.11,B,400
09:25:01,8.11,B,200
09:25:01,8.11,B,61
09:25:01,8.11,S,39
09:25:01,8.11,S,500
09:25:01,8.11,S,2000
09:25:01,8.11,S,461
09:25:01,8.11,S,239
09:25:01,8.11,S,400
09:25:01,8.11,S,2000
09:25:01,8.11,S,300
09:25:01,8.11,S,500
09:25:01,8.11,S,400
09:25:01,8.11,S,6161
09:25:01,8.11,S,40000
09:25:01,8.11,S,26239
09:25:01,8.11,S,3761
09:25:01,8.11,S,2739
09:25:01,8.11,S,100
09:25:01,8.11,S,161
09:25:01,8.11,S,1139
09:25:01,8.11,S,1000
09:25:01,8.11,S,861
09:25:01,8.11,S,5239
09:25:01,8.11,S,100
09:25:01,8.11,S,1000
09:25:01,8.11,S,100
09:25:01,8.11,S,200
09:25:01,8.11,S,2000
09:25:01,8.11,S,400
09:25:01,8.11,S,100
09:25:01,8.11,S,500
09:25:01,8.11,S,1200
09:25:01,8.11,S,600
09:25:01,8.11,S,200
09:25:01,8.11,S,1000
09:25:01,8.11,S,500
09:25:01,8.11,S,4800
09:25:01,8.11,S,1500
09:25:01,8.11,S,2000
09:25:01,8.11,S,1000
09:25:01,8.11,S,500
09:25:01,8.11,S,300
09:25:01,8.11,S,100
09:25:01,8.11,S,100
09:25:01,8.11,S,200
09:25:01,8.11,S,500
09:25:01,8.11,B,8000
09:25:01,8.11,B,3000
09:25:01,8.11,S,200
09:25:01,8.11,S,3000
09:25:01,8.11,S,10000
09:25:01,8.11,S,1000
09:25:01,8.11,S,200
09:25:01,8.11,S,10000
09:25:01,8.11,S,4000
09:25:01,8.11,S,300
09:25:01,8.11,S,10000
09:25:01,8.11,S,60000
09:25:01,8.11,B,2000
09:25:01,8.11,S,300
09:25:01,8.11,S,300
09:25:01,8.11,S,500
09:25:01,8.11,S,1000
09:25:01,8.11,S,8000
09:25:01,8.11,B,3000
09:25:01,8.11,B,500
09:25:01,8.11,B,100
09:25:01,8.11,B,500
09:25:01,8.11,B,3000
09:25:01,8.11,B,100
09:25:01,8.11,B,1100
09:25:01,8.11,B,500
09:30:00,8.11,B,2000
09:30:01,8.1,S,100
09:30:01,8.1,S,3100
09:30:01,8.1,S,1000
09:30:01,8.1,S,800
09:30:01,8.1,S,10000
09:30:01,8.1,S,200
09:30:01,8.1,S,100
09:30:01,8.1,S,700
09:30:01,8.1,S,1700
09:30:01,8.1,S,1500
09:30:01,8.1,S,200
09:30:01,8.1,S,2000
09:30:01,8.1,S,200
09:30:01,8.1,S,200
09:30:01,8.1,S,1000
09:30:01,8.1,S,1300
09:30:01,8.1,S,500
09:30:01,8.1,S,1600
09:30:01,8.1,S,800
09:30:02,8.1,S,1500
09:30:02,8.1,S,2700
09:30:02,8.1,S,4000
09:30:02,8.1,S,400
09:30:02,8.1,S,5000
09:30:02,8.1,S,6600
09:30:02,8.1,S,100
09:30:02,8.1,S,1000
09:30:02,8.1,S,100
09:30:02,8.1,S,2000
09:30:02,8.1,S,800
09:30:02,8.1,S,200
09:30:02,8.1,S,1000
09:30:02,8.1,S,100
09:30:02,8.1,S,200
09:30:02,8.1,S,5000
09:30:02,8.1,S,700
09:30:02,8.1,S,100
09:30:02,8.1,S,2000
09:30:02,8.1,S,300
09:30:02,8.1,S,1000
09:30:02,8.1,S,100
09:30:02,8.1,S,100
09:30:02,8.1,S,100
09:30:02,8.1,S,100
09:30:02,8.1,S,5000
09:30:02,8.1,S,1500
09:30:02,8.1,S,100
09:30:02,8.1,S,300
09:30:02,8.1,S,1000
09:30:02,8.1,S,300
09:30:02,8.1,S,400
09:30:02,8.1,S,700
09:30:02,8.1,S,15700
09:30:02,8.11,B,400
09:30:02,8.1,S,1300
09:30:02,8.1,S,2000
09:30:02,8.11,B,200
09:30:02,8.1,S,2000
09:30:02,8.11,B,100
09:30:02,8.11,B,100
09:30:02,8.1,S,300
09:30:02,8.11,B,1000
09:30:02,8.1,S,5700
09:30:02,8.11,B,3000
09:30:02,8.11,B,400
09:30:02,8.11,B,2500
09:30:02,8.11,B,1600
09:30:02,8.11,B,500
09:30:02,8.1,S,2000
09:30:02,8.11,B,1000
09:30:02,8.1,S,3000
09:30:02,8.1,S,200
09:30:02,8.11,B,1300
09:30:02,8.11,B,10000
09:30:02,8.1,S,2500
09:30:02,8.1,S,4300
09:30:02,8.11,B,50000
09:30:02,8.1,S,600
09:30:02,8.11,B,1000
09:30:02,8.1,S,30400
09:30:02,8.1,S,400
09:30:02,8.1,S,200
09:30:02,8.1,S,200
09:30:02,8.1,S,400
09:30:02,8.1,S,500
09:30:02,8.1,S,1800
09:30:02,8.1,S,13600
09:30:02,8.1,S,200
09:30:02,8.1,S,300
09:30:02,8.1,S,600
09:30:02,8.1,S,10000
09:30:02,8.1,S,800
09:30:02,8.11,B,10000
09:30:02,8.11,B,1000
09:30:02,8.1,S,500
09:30:02,8.1,S,300
09:30:02,8.1,S,500
09:30:02,8.11,B,100
09:30:02,8.1,S,100
09:30:02,8.1,S,13100
09:30:02,8.1,S,600
09:30:02,8.1,S,1300
09:30:02,8.1,S,100
09:30:02,8.1,S,2200
09:30:03,8.1,S,1400
09:30:03,8.1,S,800
09:30:03,8.11,B,100
09:30:03,8.1,S,700
09:30:03,8.1,S,2300
09:30:03,8.11,B,1000
09:30:03,8.11,B,10000
09:30:03,8.1,S,1000
09:30:03,8.11,B,500
09:30:03,8.1,S,100
09:30:03,8.1,S,1200
09:30:03,8.1,S,400
09:30:03,8.1,S,2000
09:30:03,8.1,S,1000
09:30:03,8.1,S,500
09:30:03,8.1,S,5000
09:30:03,8.1,S,900
09:30:03,8.1,S,1000
09:30:03,8.09,S,1000
09:30:03,8.09,S,2100
09:30:03,8.09,S,5000
09:30:03,8.09,S,400
09:30:03,8.09,S,1000
09:30:03,8.09,S,2400
09:30:03,8.09,S,200
09:30:03,8.09,S,10000
09:30:03,8.09,S,400
09:30:03,8.1,B,100
09:30:03,8.1,B,100
09:30:03,8.1,B,400
09:30:03,8.1,B,3100
09:30:03,8.11,B,2700
09:30:03,8.09,S,200
09:30:03,8.09,S,500
09:30:03,8.09,S,1500
09:30:03,8.1,B,900
09:30:03,8.1,B,900
09:30:03,8.1,B,100
09:30:03,8.1,B,400
09:30:03,8.1,B,1000
09:30:03,8.1,B,600
09:30:03,8.1,B,2400
09:30:03,8.1,B,7000
09:30:03,8.1,B,500
09:30:03,8.09,S,5000
09:30:03,8.1,B,500
09:30:03,8.1,B,1500
09:30:03,8.1,B,300
09:30:03,8.1,B,500
09:30:03,8.09,S,6900
09:30:03,8.09,S,300
09:30:03,8.09,S,10000
09:30:03,8.09,S,400
09:30:03,8.09,S,52200
09:30:03,8.1,B,3700
09:30:03,8.09,S,300
09:30:03,8.1,B,300
09:30:03,8.1,B,200
09:30:03,8.1,B,300
09:30:03,8.1,B,500
09:30:04,8.09,S,1000
09:30:04,8.1,B,200
09:30:04,8.1,B,1800
09:30:04,8.1,B,1000
09:30:04,8.1,B,500
09:30:04,8.1,B,28500
09:30:04,8.1,B,6200
09:30:04,8.1,B,5600
09:30:04,8.1,B,700
09:30:04,8.1,B,800
09:30:04,8.1,B,1600
09:30:04,8.1,B,600
09:30:04,8.1,B,400
09:30:04,8.11,B,600000
09:30:04,8.11,B,20100
09:30:04,8.11,B,200
09:30:04,8.1,S,1300
09:30:04,8.1,S,2100
09:30:04,8.11,B,64461
09:30:04,8.11,B,100
09:30:04,8.11,B,1000
09:30:04,8.11,B,500
09:30:04,8.11,B,300
09:30:04,8.11,B,100
09:30:04,8.11,B,800
09:30:04,8.11,B,61539
09:30:04,8.1,S,600
09:30:04,8.1,S,600
09:30:04,8.1,B,100
09:30:04,8.1,B,200
09:30:04,8.1,B,1000
09:30:04,8.1,B,600
09:30:04,8.1,B,1200
09:30:04,8.09,S,800
09:30:04,8.1,B,2300
09:30:04,8.1,B,1900
09:30:04,8.1,B,5000
09:30:04,8.1,B,1300
09:30:04,8.1,B,500
09:30:04,8.1,S,4900
09:30:04,8.09,S,5000
09:30:04,8.09,S,1000
09:30:04,8.11,B,1000
09:30:04,8.1,S,300
09:30:04,8.1,B,500
09:30:04,8.1,B,700
09:30:04,8.09,S,1500
09:30:04,8.1,B,300
09:30:04,8.1,B,300
09:30:05,8.1,B,1000
09:30:05,8.1,B,800
09:30:05,8.1,B,1000
09:30:05,8.1,B,200
09:30:05,8.1,B,400
09:30:05,8.1,B,500
09:30:05,8.09,S,1500
09:30:05,8.09,S,1600
09:30:05,8.1,B,3000
09:30:05,8.1,B,100
09:30:05,8.1,B,300
09:30:05,8.1,B,1000
09:30:05,8.1,B,2000
09:30:05,8.1,B,800
09:30:05,8.1,B,1600
09:30:05,8.1,B,600
09:30:05,8.1,B,100
09:30:05,8.09,S,900
09:30:05,8.09,S,500
09:30:05,8.1,B,2300
09:30:05,8.1,B,3900
09:30:05,8.1,B,1800
09:30:05,8.1,B,6300
09:30:05,8.1,B,65500
09:30:05,8.1,B,15000
09:30:05,8.1,B,38500
09:30:05,8.1,B,1100
09:30:05,8.1,B,100
09:30:05,8.1,B,1000
09:30:05,8.1,B,1000
09:30:05,8.11,B,36861
09:30:05,8.11,B,100
09:30:05,8.11,B,1800
09:30:05,8.11,B,1100
09:30:05,8.11,B,3000
09:30:05,8.11,B,2000
09:30:05,8.11,B,9300
09:30:05,8.11,B,2400
09:30:05,8.11,B,5500
09:30:05,8.11,B,500
09:30:05,8.11,B,100
09:30:05,8.11,B,700
09:30:05,8.11,B,1500
09:30:05,8.11,B,2000
09:30:05,8.11,B,1200
09:30:05,8.11,B,300
09:30:05,8.11,B,100
09:30:05,8.11,B,1500
09:30:05,8.11,B,2400
09:30:05,8.11,B,900
09:30:05,8.11,B,100
09:30:05,8.11,B,11900
09:30:05,8.11,B,500
09:30:05,8.11,B,8000
09:30:05,8.11,S,1000
09:30:05,8.11,S,2000
09:30:05,8.11,S,300
09:30:05,8.12,B,700
09:30:05,8.12,B,600
09:30:05,8.12,B,300
09:30:05,8.12,B,100
09:30:05,8.12,B,300
09:30:06,8.11,S,2000
09:30:06,8.11,S,500
09:30:06,8.11,S,500
09:30:06,8.11,S,4000
09:30:06,8.12,B,2700
09:30:06,8.12,B,100
09:30:06,8.12,B,100
09:30:06,8.12,B,300
09:30:06,8.12,B,600
09:30:06,8.12,B,800
09:30:06,8.11,S,200
09:30:06,8.11,S,5000
09:30:06,8.11,S,2900
09:30:06,8.11,S,1000
09:30:06,8.11,S,100
09:30:06,8.11,S,9000
09:30:06,8.12,B,200
09:30:06,8.12,B,100
09:30:06,8.12,B,1100
09:30:06,8.12,B,200
09:30:06,8.12,B,100
09:30:06,8.12,B,900
09:30:06,8.12,B,300
09:30:06,8.12,B,200
09:30:06,8.12,B,200
09:30:06,8.12,B,100
09:30:06,8.12,B,600
09:30:06,8.12,B,100
09:30:06,8.12,B,1300
09:30:06,8.12,B,200
09:30:06,8.12,B,300
09:30:06,8.12,B,2400
09:30:06,8.12,B,1700
09:30:06,8.11,S,1000
09:30:06,8.11,S,100
09:30:06,8.11,S,4000
09:30:07,8.11,S,27000
09:30:07,8.11,S,1500
09:30:07,8.11,S,3400
09:30:07,8.11,S,200
09:30:07,8.11,S,4039
09:30:07,8.11,S,1000
09:30:07,8.11,S,2000
09:30:07,8.11,S,500
09:30:07,8.11,S,500
09:30:07,8.11,S,400
09:30:07,8.11,S,200
09:30:07,8.11,S,200
09:30:07,8.11,S,1000
09:30:07,8.11,S,100
09:30:07,8.1,S,500
09:30:07,8.1,S,300
09:30:07,8.1,S,1000
09:30:07,8.09,S,28961
09:30:07,8.1,B,1000
09:30:07,8.1,B,1000
09:30:07,8.1,B,800
09:30:07,8.1,B,400
09:30:07,8.1,B,1000
09:30:07,8.1,B,300
09:30:07,8.1,B,500
09:30:07,8.1,B,600
09:30:07,8.1,B,100
09:30:07,8.1,B,100
09:30:07,8.1,B,400
09:30:07,8.1,B,600
09:30:07,8.1,B,2400
09:30:07,8.1,B,1800
09:30:07,8.1,B,200
09:30:08,8.1,B,7200
09:30:08,8.1,B,100
09:30:08,8.1,B,600
09:30:08,8.1,B,3000
09:30:08,8.1,B,2200
09:30:08,8.1,B,2500
09:30:08,8.1,B,300
09:30:08,8.1,B,200
09:30:08,8.1,B,800
09:30:08,8.1,B,1000
09:30:08,8.1,B,5000
09:30:08,8.1,B,8100
09:30:08,8.1,B,3700
09:30:08,8.1,B,1000
09:30:08,8.1,B,500
09:30:08,8.1,B,2000
09:30:08,8.09,S,800
09:30:08,8.1,B,200
09:30:08,8.1,B,1000
09:30:08,8.1,B,2000
09:30:08,8.1,B,1500
09:30:08,8.1,B,500
09:30:08,8.1,B,7500
09:30:09,8.1,B,1900
09:30:09,8.1,B,300
09:30:09,8.1,B,300
09:30:09,8.1,B,100
09:30:09,8.1,B,1500
09:30:09,8.1,B,2000
09:30:09,8.09,S,3939
09:30:09,8.09,S,500
09:30:09,8.09,S,400
09:30:09,8.09,S,161
09:30:09,8.1,B,300
09:30:09,8.09,S,4039
09:30:09,8.09,S,1361
09:30:09,8.1,B,600
09:30:09,8.09,S,200
09:30:09,8.1,B,200
09:30:09,8.1,B,800
09:30:09,8.1,B,2700
09:30:09,8.1,B,1300
09:30:09,8.1,B,700
09:30:09,8.1,B,4900
09:30:10,8.1,B,100
09:30:10,8.1,B,1000
09:30:10,8.09,S,600
09:30:10,8.09,S,100
09:30:10,8.09,S,100
09:30:10,8.09,S,5000
09:30:10,8.09,S,600
09:30:10,8.1,B,1000
09:30:10,8.1,B,100
09:30:10,8.1,B,100
09:30:10,8.1,B,100
09:30:10,8.1,B,900
09:30:10,8.1,B,500
09:30:10,8.1,B,200
09:30:10,8.1,B,1000
09:30:11,8.1,B,800
09:30:11,8.1,B,1000
09:30:11,8.1,B,200
09:30:11,8.1,B,300
09:30:11,8.1,B,2100
09:30:11,8.1,B,300
09:30:11,8.1,B,200
09:30:11,8.1,B,5100
09:30:11,8.1,B,2400
09:30:11,8.1,B,1900
09:30:11,8.1,B,1300
09:30:11,8.1,B,100
09:30:11,8.1,B,200
09:30:11,8.1,B,1
09:30:11,8.1,B,799
09:30:12,8.1,B,100
09:30:12,8.1,B,500
09:30:12,8.1,B,3000
09:30:12,8.1,B,1100
09:30:12,8.1,B,500
09:30:12,8.1,B,700
09:30:12,8.1,B,1200
09:30:12,8.1,B,1600
09:30:12,8.1,B,500
09:30:12,8.1,B,500
09:30:13,8.1,B,2000
09:30:13,8.09,S,700
09:30:13,8.09,S,600
09:30:13,8.09,S,500
09:30:13,8.09,S,500
09:30:13,8.09,S,500
09:30:13,8.09,S,1100
09:30:13,8.09,S,500
09:30:13,8.09,S,1500
09:30:13,8.08,S,100
09:30:13,8.1,B,100
09:30:14,8.1,B,600
09:30:14,8.1,B,20000
09:30:14,8.1,B,2000
09:30:14,8.1,B,5000
09:30:14,8.1,B,500
09:30:14,8.1,B,14800
09:30:15,8.1,B,2400
09:30:15,8.1,B,100
09:30:16,8.1,B,500
09:30:16,8.1,B,2500
09:30:16,8.1,B,3000
09:30:16,8.1,B,300
09:30:16,8.1,B,100
09:30:17,8.08,S,3000
09:30:17,8.08,S,200
09:30:17,8.08,S,2200
09:30:17,8.08,S,1000
09:30:17,8.08,S,2800
09:30:17,8.08,S,600
09:30:17,8.08,S,1000
09:30:17,8.08,S,100
09:30:17,8.08,S,1000
09:30:17,8.08,S,700
09:30:17,8.08,S,3900
09:30:17,8.09,B,500
09:30:17,8.1,B,1101
09:30:17,8.1,B,3899
09:30:17,8.1,B,500
09:30:17,8.1,B,500
09:30:18,8.1,B,501
09:30:18,8.1,B,999
09:30:19,8.1,B,1
09:30:19,8.1,B,99
09:30:19,8.1,B,100
09:30:19,8.1,B,500
09:30:20,8.1,B,100
09:30:20,8.1,B,2000
09:30:20,8.1,B,1000
09:30:21,8.1,B,1200
09:30:21,8.1,B,1000
09:30:21,8.1,B,1
09:30:21,8.1,B,1300
09:30:21,8.1,B,100
09:30:21,8.1,B,500
09:30:21,8.1,B,100
09:30:21,8.1,B,200
09:30:21,8.1,B,1500
09:30:21,8.1,B,200
09:30:21,8.1,B,1099
09:30:22,8.1,B,701
09:30:22,8.1,B,400
09:30:22,8.1,B,1600
09:30:22,8.1,B,100
09:30:22,8.1,B,100
09:30:22,8.1,B,300
09:30:22,8.1,B,200
09:30:22,8.1,B,1100
09:30:22,8.1,B,400
09:30:22,8.1,B,99
09:30:22,8.1,B,9901
09:30:22,8.1,B,200
09:30:22,8.1,B,5800
09:30:22,8.1,B,5800
09:30:22,8.1,B,200
09:30:22,8.1,B,30000
09:30:22,8.1,B,1000
09:30:22,8.1,S,36000
09:30:23,8.1,S,10000
09:30:23,8.1,S,2400
09:30:25,8.1,S,1200
09:30:25,8.1,S,5000
09:30:25,8.11,B,200
09:30:25,8.1,S,100
09:30:27,8.1,S,2900
09:30:27,8.1,S,800
09:30:28,8.1,S,500
09:30:29,8.11,B,300
09:30:29,8.11,B,1700
09:30:29,8.11,B,2300
09:30:29,8.11,B,2000
09:30:29,8.11,B,700
09:30:29,8.1,S,300
09:30:30,8.1,S,200
09:30:31,8.1,S,8800
09:30:31,8.1,S,2000
09:30:31,8.1,S,1400
09:30:31,8.1,S,1700
09:30:32,8.11,B,2500
09:30:33,8.1,S,3000
09:30:34,8.1,S,1500
09:30:35,8.1,S,200
09:30:35,8.1,S,5000
09:30:36,8.11,B,1000
09:30:36,8.1,S,200
09:30:36,8.11,B,1600
09:30:37,8.1,S,1300
09:30:37,8.11,B,1200
09:30:37,8.1,S,300
09:30:37,8.1,S,1900
09:30:38,8.1,S,12600
09:30:39,8.1,S,30000
09:30:39,8.1,S,100
09:30:39,8.1,S,400
09:30:39,8.11,B,200
09:30:40,8.11,B,100
09:30:40,8.11,B,3000
09:30:41,8.1,S,300
09:30:41,8.1,S,600
09:30:41,8.1,S,500
09:30:42,8.11,B,500
09:30:42,8.1,S,1000
09:30:42,8.11,B,100
09:30:42,8.11,B,1900
09:30:42,8.1,S,500
09:30:42,8.11,B,500
09:30:43,8.1,S,900
09:30:43,8.11,B,700
09:30:43,8.11,B,1300
09:30:43,8.1,S,1700
09:30:43,8.1,S,500
09:30:43,8.1,S,20000
09:30:43,8.1,S,3800
09:30:44,8.1,S,500
09:30:44,8.1,S,100
09:30:45,8.1,S,4500
09:30:45,8.11,B,1200
09:30:45,8.11,B,1000
09:30:45,8.11,B,300
09:30:46,8.11,B,1200
09:30:46,8.11,B,1200
09:30:46,8.11,B,2600
09:30:46,8.11,B,2000
09:30:46,8.11,B,2000
09:30:46,8.1,S,500
09:30:46,8.11,B,3400
09:30:46,8.11,B,6000
09:30:46,8.11,B,500
09:30:46,8.11,B,100
09:30:46,8.11,B,5000
09:30:46,8.11,B,1000
09:30:46,8.11,B,100
09:30:46,8.11,B,2000
09:30:46,8.11,B,300
09:30:46,8.11,B,1000
09:30:46,8.11,B,1400
09:30:46,8.11,B,2000
09:30:47,8.11,S,1000
09:30:47,8.11,S,1000
09:30:47,8.11,S,1800
09:30:48,8.11,S,1100
09:30:48,8.11,S,200
09:30:48,8.11,S,8000
09:30:49,8.12,B,1000
09:30:49,8.11,S,100
09:30:49,8.11,S,6000
09:30:50,8.11,S,100
09:30:50,8.11,S,20000
09:30:51,8.11,S,500
09:30:52,8.12,B,1200
09:30:52,8.11,S,37400
09:30:52,8.11,S,2800
09:30:52,8.11,S,1000
09:30:52,8.11,S,700
09:30:52,8.11,S,1500
09:30:52,8.11,S,300
09:30:52,8.11,S,700
09:30:52,8.11,S,600
09:30:52,8.11,S,3200
09:30:52,8.11,S,1800
09:30:53,8.12,B,4100
09:30:53,8.12,B,1900
09:30:53,8.11,S,400
09:30:53,8.11,S,7800
09:30:53,8.11,S,10200
09:30:54,8.11,S,7100
09:30:54,8.11,S,3800
09:30:54,8.11,S,4800
09:30:54,8.11,S,14300
09:30:54,8.11,S,100
09:30:54,8.11,S,1400
09:30:54,8.11,S,200
09:30:54,8.11,S,2400
09:30:54,8.11,S,1000
09:30:54,8.11,S,300
09:30:54,8.11,S,700
09:30:54,8.11,S,2000
09:30:54,8.11,S,1000
09:30:54,8.11,S,3000
09:30:54,8.11,S,2400
09:30:54,8.1,S,1800
09:30:56,8.11,S,700
09:30:58,8.11,S,100
09:30:58,8.11,S,800
09:30:59,8.12,B,2100
09:30:59,8.11,S,1500
09:31:00,8.11,S,300
09:31:00,8.11,S,200
09:31:00,8.11,S,1000
09:31:00,8.12,B,2000
09:31:00,8.11,S,200
09:31:00,8.11,S,3000
09:31:01,8.11,S,100
09:31:01,8.11,S,3000
09:31:01,8.11,S,500
09:31:01,8.11,S,200
09:31:01,8.11,S,300
09:31:01,8.11,S,100
09:31:01,8.11,S,1000
09:31:01,8.11,S,200
09:31:01,8.11,S,1000
09:31:01,8.11,S,4800
09:31:01,8.11,S,8800
09:31:01,8.11,S,100
09:31:01,8.12,B,3400
09:31:01,8.12,B,300
09:31:01,8.12,B,700
09:31:01,8.12,B,1200
09:31:01,8.12,B,4400
09:31:01,8.11,S,100
09:31:01,8.11,S,700
09:31:02,8.11,S,200
09:31:02,8.11,S,5100
09:31:02,8.12,B,2000
09:31:02,8.11,S,100
09:31:02,8.11,S,300
09:31:03,8.12,B,2300
09:31:03,8.12,B,1200
09:31:04,8.11,S,400
09:31:04,8.12,B,3000
09:31:05,8.11,S,800
09:31:05,8.11,S,4000
09:31:05,8.11,S,11700
09:31:06,8.11,S,1500
09:31:06,8.12,B,2400
09:31:07,8.11,S,1800
09:31:07,8.11,S,100
09:31:07,8.11,S,3400
09:31:08,8.11,S,10000
09:31:08,8.11,S,900
09:31:08,8.11,S,1100
09:31:08,8.12,B,3000
09:31:08,8.11,S,1500
09:31:08,8.11,S,1000
09:31:09,8.11,S,400
09:31:09,8.12,B,700
09:31:09,8.12,B,100
09:31:09,8.12,B,200
09:31:09,8.12,B,1500
09:31:09,8.12,B,100
09:31:09,8.11,S,1300
09:31:09,8.11,S,2300
09:31:09,8.11,S,10200
09:31:09,8.11,S,1000
09:31:09,8.11,S,1000
09:31:09,8.11,S,3000
09:31:09,8.11,S,7100
09:31:09,8.11,S,12600
09:31:10,8.11,S,100
09:31:10,8.11,S,100
09:31:10,8.12,B,400
09:31:11,8.12,B,2900
09:31:12,8.11,S,4700
09:31:12,8.11,S,5000
09:31:12,8.12,B,1000
09:31:12,8.11,S,400
09:31:12,8.11,S,2000
09:31:12,8.11,S,8800
09:31:12,8.12,B,400
09:31:12,8.12,B,1000
09:31:12,8.11,S,1200
09:31:12,8.11,S,8000
09:31:12,8.11,S,300
09:31:12,8.11,S,200
09:31:12,8.11,S,2500
09:31:12,8.11,S,500
09:31:12,8.11,S,200
09:31:13,8.12,B,1500
09:31:13,8.11,S,400
09:31:13,8.11,S,700
09:31:13,8.12,B,1500
09:31:13,8.12,B,2000
09:31:13,8.12,B,21100
09:31:13,8.12,B,5100
09:31:13,8.12,B,11800
09:31:13,8.12,B,1000
09:31:13,8.12,B,10000
09:31:14,8.12,B,500
09:31:14,8.12,B,1000
09:31:14,8.12,B,1000
09:31:14,8.11,S,2500
09:31:15,8.11,S,7400
09:31:15,8.12,B,1500
09:31:15,8.11,S,1100
09:31:15,8.12,B,1400
09:31:15,8.11,S,400
09:31:15,8.12,B,1500
09:31:15,8.12,B,2000
09:31:15,8.12,B,500
09:31:15,8.11,S,1000
09:31:15,8.12,B,1600
09:31:15,8.12,B,400
09:31:15,8.12,B,1000
09:31:15,8.11,S,1600
09:31:16,8.12,B,4800
09:31:16,8.12,B,1000
09:31:16,8.12,B,3900
09:31:16,8.12,B,500
09:31:16,8.12,B,700
09:31:16,8.12,B,200
09:31:16,8.12,B,900
09:31:17,8.12,S,4300
09:31:17,8.12,S,2000
09:31:17,8.13,B,2400
09:31:17,8.13,B,1000
09:31:17,8.13,B,200
09:31:18,8.12,S,600
09:31:18,8.12,S,1000
09:31:18,8.12,S,100
09:31:18,8.12,S,1000
09:31:18,8.12,S,100
09:31:19,8.12,S,1000
09:31:19,8.12,S,900
09:31:19,8.12,S,3500
09:31:19,8.12,S,1100
09:31:19,8.12,S,800
09:31:19,8.12,S,6500
09:31:19,8.12,S,1200
09:31:19,8.12,S,3700
09:31:19,8.12,S,2000
09:31:19,8.12,S,300
09:31:20,8.12,S,500
09:31:21,8.12,S,200
09:31:21,8.12,S,100
09:31:21,8.12,S,10000
09:31:21,8.12,S,500
09:31:21,8.12,S,200
09:31:22,8.12,S,800
09:31:22,8.12,S,700
09:31:22,8.12,S,300
09:31:22,8.12,S,4000
09:31:23,8.12,S,3000
09:31:23,8.12,S,1000
09:31:24,8.12,S,100
09:31:25,8.12,S,100
09:31:25,8.12,S,1500
09:31:25,8.12,S,1000
09:31:25,8.12,S,1000
09:31:25,8.12,S,2000
09:31:25,8.12,S,2600
09:31:25,8.12,S,3400
09:31:25,8.12,S,500
09:31:25,8.12,S,4400
09:31:25,8.12,S,600
09:31:25,8.12,S,400
09:31:25,8.12,S,400
09:31:25,8.12,S,200
09:31:26,8.12,S,200
09:31:26,8.12,S,100
09:31:26,8.12,S,1000
09:31:26,8.12,S,900
09:31:26,8.12,S,500
09:31:26,8.12,S,8300
09:31:26,8.12,S,1000
09:31:26,8.12,S,1400
09:31:26,8.13,B,500
09:31:27,8.13,B,500
09:31:27,8.12,S,2100
09:31:27,8.12,S,500
09:31:28,8.12,S,1000
09:31:28,8.12,S,2000
09:31:28,8.12,S,4600
09:31:28,8.12,S,3500
09:31:28,8.12,S,9800
09:31:28,8.12,S,1300
09:31:29,8.12,S,8800
09:31:29,8.12,S,2100
09:31:29,8.12,S,500
09:31:29,8.12,S,200
09:31:29,8.12,S,6600
09:31:29,8.12,S,5000
09:31:29,8.12,S,5000
09:31:29,8.12,S,400
09:31:29,8.12,S,300
09:31:30,8.12,S,600
09:31:30,8.12,S,400
09:31:30,8.13,B,1000
09:31:31,8.12,S,700
09:31:31,8.12,S,500
09:31:31,8.13,B,500
09:31:31,8.13,B,1300
09:31:32,8.12,S,500
09:31:32,8.13,B,600
09:31:32,8.13,B,700
09:31:32,8.12,S,1000
09:31:33,8.12,S,8000
09:31:33,8.12,S,1000
09:31:33,8.12,S,5000
09:31:33,8.12,S,900
09:31:33,8.12,S,500
09:31:33,8.12,S,900
09:31:33,8.12,S,8500
09:31:33,8.13,B,1300
09:31:33,8.13,B,500
09:31:33,8.12,S,1000
09:31:33,8.12,S,500
09:31:33,8.12,S,500
09:31:33,8.12,S,200
09:31:33,8.12,S,1000
09:31:33,8.12,S,300
09:31:33,8.12,S,4100
09:31:34,8.12,S,5600
09:31:34,8.12,S,100
09:31:34,8.12,S,1000
09:31:34,8.12,S,3000
09:31:34,8.12,S,500
09:31:34,8.12,S,3400
09:31:34,8.12,S,500
09:31:34,8.12,S,800
09:31:34,8.12,S,1000
09:31:34,8.12,S,200
09:31:34,8.12,S,5000
09:31:34,8.12,S,1000
09:31:34,8.12,S,10300
09:31:34,8.12,S,300
09:31:34,8.13,B,500
09:31:34,8.12,S,7400
09:31:34,8.12,S,39100
09:31:34,8.12,S,1400
09:31:34,8.12,S,1000
09:31:34,8.12,S,10000
09:31:34,8.12,S,1000
09:31:34,8.12,B,1000
09:31:34,8.12,B,18200
09:31:34,8.13,B,7100
09:31:35,8.11,S,1000
09:31:35,8.13,B,1000
09:31:36,8.12,S,100
09:31:36,8.12,S,600
09:31:37,8.12,S,800
09:31:37,8.13,B,900
09:31:37,8.13,B,100
09:31:37,8.13,B,300
09:31:38,8.12,S,900
09:31:38,8.13,B,1800
09:31:39,8.12,S,5000
09:31:39,8.12,S,1500
09:31:40,8.13,B,1000
09:31:40,8.13,B,300
09:31:40,8.13,B,700
09:31:40,8.12,S,300
09:31:40,8.13,B,3000
09:31:40,8.12,S,1900
09:31:41,8.13,B,800
09:31:41,8.13,B,1000
09:31:41,8.13,B,1500
09:31:41,8.13,B,1000
09:31:42,8.13,B,700
09:31:42,8.12,S,5800
09:31:42,8.12,S,1100
09:31:42,8.12,S,100
09:31:42,8.12,S,300
09:31:42,8.12,S,500
09:31:42,8.12,S,100
09:31:43,8.13,B,300
09:31:43,8.12,S,1500
09:31:43,8.12,S,1500
09:31:44,8.12,S,1800
09:31:44,8.12,S,2000
09:31:44,8.12,S,200
09:31:44,8.12,S,600
09:31:45,8.12,S,2400
09:31:45,8.12,S,400
09:31:45,8.12,S,500
09:31:45,8.12,S,3000
09:31:45,8.12,S,500
09:31:45,8.12,S,1200
09:31:45,8.12,S,2000
09:31:45,8.12,S,900
09:31:45,8.12,S,4600
09:31:45,8.12,S,1000
09:31:45,8.12,S,3000
09:31:45,8.12,S,300
09:31:45,8.12,S,3400
09:31:45,8.12,S,600
09:31:45,8.12,S,400
09:31:45,8.12,S,1000
09:31:45,8.13,B,5000
09:31:46,8.12,S,1500
09:31:46,8.12,S,1000
09:31:46,8.12,S,900
09:31:46,8.12,S,3900
09:31:46,8.12,S,1000
09:31:46,8.12,S,1000
09:31:46,8.12,S,2000
09:31:46,8.12,S,1300
09:31:46,8.12,S,100
09:31:46,8.12,B,2000
09:31:46,8.12,B,300
09:31:46,8.12,B,2000
09:31:46,8.12,B,600
09:31:47,8.12,B,500
09:31:47,8.12,B,300
09:31:48,8.12,S,100
09:31:48,8.12,S,100
09:31:48,8.12,S,100
09:31:48,8.12,S,700
09:31:48,8.12,S,300
09:31:48,8.12,S,300
09:31:48,8.13,B,1000
09:31:49,8.13,B,2000
09:31:49,8.13,B,2400
09:31:49,8.13,B,1500
09:31:49,8.12,S,700
09:31:49,8.12,S,2000
09:31:49,8.12,S,1000
09:31:49,8.12,S,4400
09:31:50,8.12,B,600
09:31:50,8.11,S,600
09:31:50,8.12,B,5000
09:31:50,8.12,B,1000
09:31:50,8.12,B,300
09:31:50,8.12,B,5000
09:31:51,8.12,B,500
09:31:51,8.12,B,10300
09:31:51,8.12,B,1000
09:31:51,8.12,B,3000
09:31:51,8.12,B,100
09:31:52,8.12,B,500
09:31:52,8.12,B,1200
09:31:52,8.12,B,500
09:31:53,8.11,S,3100
09:31:53,8.11,S,1500
09:31:53,8.11,S,1000
09:31:53,8.11,S,1000
09:31:53,8.11,S,1000
09:31:53,8.11,S,300
09:31:53,8.11,S,100
09:31:53,8.12,B,500
09:31:54,8.12,B,700
09:31:54,8.12,B,2000
09:31:54,8.12,B,2000
09:31:54,8.12,B,500
09:31:55,8.11,S,200
09:31:55,8.11,S,700
09:31:55,8.11,S,1100
09:31:55,8.12,B,5200
09:31:55,8.12,B,600
09:31:55,8.12,B,200
09:31:55,8.11,S,900
09:31:55,8.11,S,1000
09:31:55,8.11,S,2000
09:31:55,8.12,B,700
09:31:56,8.12,B,5000
09:31:56,8.12,B,2000
09:31:56,8.11,S,1000
09:31:56,8.11,S,800
09:31:57,8.12,B,500
09:31:57,8.12,B,500
09:31:57,8.12,B,5000
09:31:58,8.11,S,500
09:31:58,8.11,S,400
09:31:58,8.12,B,1800
09:31:58,8.11,S,1000
09:31:59,8.12,B,1000
09:31:59,8.12,B,4100
09:31:59,8.12,B,1000
09:31:59,8.12,B,1000
09:32:00,8.12,B,400
09:32:00,8.11,S,25200
09:32:00,8.12,B,2000
09:32:00,8.12,B,3400
09:32:00,8.12,B,1100
09:32:00,8.12,B,400
09:32:00,8.12,B,300
09:32:00,8.11,S,5300
09:32:01,8.12,B,1000
09:32:01,8.12,B,2700
09:32:01,8.12,B,100
09:32:01,8.12,B,600
09:32:01,8.12,B,100
09:32:01,8.12,B,300
09:32:01,8.12,B,2000
09:32:01,8.12,B,1200
09:32:01,8.12,B,1000
09:32:01,8.12,B,6700
09:32:01,8.12,B,200
09:32:01,8.12,B,200
09:32:01,8.12,B,200
09:32:01,8.12,S,1100
09:32:02,8.13,B,1000
09:32:02,8.13,B,2000
09:32:02,8.12,S,2500
09:32:02,8.12,S,20000
09:32:02,8.12,S,700
09:32:02,8.12,S,500
09:32:03,8.13,B,2000
09:32:03,8.13,B,1000
09:32:03,8.12,S,1800
09:32:03,8.13,B,1600
09:32:03,8.12,S,1700
09:32:04,8.13,B,800
09:32:04,8.13,B,100
09:32:04,8.12,S,500
09:32:04,8.12,S,400
09:32:04,8.12,S,5000
09:32:04,8.13,B,1000
09:32:05,8.12,S,500
09:32:05,8.13,B,1400
09:32:05,8.13,B,1000
09:32:06,8.12,S,300
09:32:06,8.12,S,100
09:32:06,8.12,S,700
09:32:06,8.12,S,4300
09:32:07,8.12,S,2900
09:32:07,8.12,S,1800
09:32:07,8.12,S,100
09:32:07,8.12,S,1300
09:32:07,8.12,S,200
09:32:07,8.12,S,300
09:32:07,8.12,S,700
09:32:07,8.12,S,500
09:32:07,8.12,S,200
09:32:07,8.12,S,1400
09:32:07,8.12,S,1000
09:32:07,8.12,S,400
09:32:07,8.11,S,1800
09:32:07,8.12,B,1000
09:32:08,8.12,B,4000
09:32:08,8.12,S,1000
09:32:08,8.12,S,5000
09:32:08,8.12,S,1000
09:32:08,8.12,S,2000
09:32:08,8.12,B,1000
09:32:08,8.12,B,400
09:32:09,8.11,S,300
09:32:09,8.12,B,2600
09:32:09,8.12,B,900
09:32:09,8.12,B,500
09:32:10,8.13,B,100
09:32:10,8.12,S,1500
09:32:10,8.12,S,200
09:32:10,8.12,S,800
09:32:11,8.12,S,100
09:32:11,8.12,S,1900
09:32:11,8.12,S,200
09:32:11,8.12,S,100
09:32:11,8.12,S,700
09:32:11,8.12,S,200
09:32:11,8.13,B,200
09:32:11,8.12,S,200
09:32:11,8.12,S,200
09:32:11,8.12,S,1200
09:32:11,8.12,S,500
09:32:11,8.11,S,500
09:32:11,8.11,S,41700
09:32:11,8.11,S,17200
09:32:11,8.11,S,3000
09:32:11,8.11,S,300
09:32:11,8.11,S,400
09:32:11,8.11,S,1000
09:32:11,8.11,S,500
09:32:11,8.11,S,2000
09:32:11,8.11,S,600
09:32:11,8.11,S,1000
09:32:11,8.11,S,5000
09:32:11,8.11,S,800
09:32:11,8.11,S,4000
09:32:11,8.11,S,1900
09:32:11,8.11,S,32600
09:32:11,8.11,S,1100
09:32:11,8.11,S,200
09:32:11,8.11,S,2000
09:32:11,8.11,S,2000
09:32:11,8.11,S,1000
09:32:11,8.11,S,500
09:32:11,8.11,S,700
09:32:11,8.11,S,10000
09:32:11,8.11,S,500
09:32:11,8.11,S,700
09:32:11,8.11,S,500
09:32:11,8.11,S,300
09:32:11,8.11,S,10000
09:32:11,8.11,S,500
09:32:11,8.11,S,2000
09:32:11,8.11,S,10000
09:32:11,8.11,S,2000
09:32:11,8.11,S,100
09:32:11,8.11,S,20000
09:32:11,8.11,S,1000
09:32:11,8.11,S,2000
09:32:11,8.11,S,100
09:32:11,8.11,S,5000
09:32:11,8.11,S,500
09:32:11,8.11,S,2000
09:32:11,8.11,S,1000
09:32:11,8.11,S,1300
09:32:11,8.11,S,11000
09:32:12,8.13,B,600
09:32:12,8.12,S,1000
09:32:12,8.12,S,4400
09:32:12,8.12,S,600
09:32:12,8.12,S,1000
09:32:12,8.12,B,200
09:32:12,8.13,B,600
09:32:13,8.12,B,1800
09:32:13,8.12,B,800
09:32:13,8.11,S,100
09:32:13,8.12,B,1100
09:32:14,8.12,B,800
09:32:14,8.12,B,3300
09:32:14,8.12,B,1000
09:32:14,8.12,B,400
09:32:14,8.11,S,3600
09:32:14,8.12,B,2000
09:32:14,8.12,B,4100
09:32:14,8.12,B,7300
09:32:14,8.12,B,1800
09:32:14,8.12,S,300
09:32:14,8.12,S,300
09:32:14,8.12,S,300
09:32:14,8.12,S,2400
09:32:15,8.12,S,600
09:32:15,8.12,S,1500
09:32:15,8.12,S,500
09:32:15,8.12,S,3200
09:32:15,8.13,B,500
09:32:15,8.13,B,1700
09:32:15,8.12,S,6800
09:32:15,8.12,S,400
09:32:15,8.12,S,2500
09:32:15,8.12,S,500
09:32:15,8.11,S,700
09:32:15,8.11,S,5900
09:32:16,8.12,S,300
09:32:16,8.12,S,500
09:32:17,8.12,S,500
09:32:17,8.12,S,1800
09:32:17,8.12,S,4400
09:32:18,8.12,S,1000
09:32:18,8.12,S,200
09:32:18,8.13,B,1000
09:32:18,8.12,S,1300
09:32:18,8.12,S,100
09:32:19,8.13,B,900
09:32:20,8.12,S,900
09:32:20,8.12,S,1000
09:32:20,8.12,S,1800
09:32:20,8.12,S,100
09:32:20,8.13,B,1000
09:32:20,8.12,S,100
09:32:20,8.12,S,1000
09:32:20,8.12,S,500
09:32:20,8.12,S,1100
09:32:20,8.12,S,100
09:32:20,8.12,S,2000
09:32:20,8.12,S,1000
09:32:20,8.12,S,5000
09:32:20,8.12,B,1900
09:32:20,8.12,S,400
09:32:20,8.12,S,2500
09:32:21,8.12,S,100
09:32:21,8.12,S,1000
09:32:22,8.13,B,4600
09:32:22,8.13,B,200
09:32:22,8.12,S,1500
09:32:23,8.13,B,10000
09:32:23,8.13,B,100
09:32:23,8.12,S,200
09:32:24,8.13,B,500
09:32:24,8.12,S,1000
09:32:24,8.12,S,300
09:32:24,8.13,B,10000
09:32:24,8.12,S,500
09:32:25,8.12,S,300
09:32:25,8.12,S,500
09:32:25,8.13,B,3900
09:32:26,8.12,S,1000
09:32:26,8.12,S,100
09:32:27,8.12,S,2200
09:32:27,8.13,B,900
09:32:27,8.13,B,400
09:32:27,8.13,B,300
09:32:28,8.12,S,2300
09:32:28,8.13,B,600
09:32:28,8.12,S,5400
09:32:28,8.13,B,2400
09:32:28,8.13,B,100
09:32:28,8.13,B,900
09:32:28,8.13,B,300
09:32:28,8.13,B,900
09:32:28,8.13,B,100
09:32:28,8.13,B,400
09:32:28,8.13,B,100
09:32:28,8.13,B,100
09:32:28,8.13,B,600
09:32:28,8.13,B,2100
09:32:28,8.13,B,200
09:32:28,8.13,B,200
09:32:28,8.13,B,500
09:32:28,8.13,B,200
09:32:28,8.13,B,7800
09:32:28,8.13,B,13100
09:32:28,8.12,S,7200
09:32:28,8.13,B,500
09:32:29,8.12,S,4000
09:32:29,8.12,S,3600
09:32:29,8.13,B,500
09:32:29,8.12,S,2600
09:32:29,8.13,B,23900
09:32:29,8.13,B,3000
09:32:29,8.13,B,400
09:32:29,8.13,B,500
09:32:29,8.13,B,2200
09:32:29,8.13,B,1000
09:32:29,8.12,S,2000
09:32:30,8.13,B,3000
09:32:30,8.13,B,100
09:32:30,8.13,B,2400
09:32:30,8.13,B,4000
09:32:30,8.13,B,400
09:32:30,8.13,B,100
09:32:30,8.12,S,2000
09:32:30,8.12,S,1100
09:32:31,8.12,S,400
09:32:32,8.12,S,700
09:32:32,8.13,B,1900
09:32:32,8.13,B,1800
09:32:32,8.12,S,1000
09:32:33,8.12,S,4200
09:32:33,8.12,S,2000
09:32:33,8.13,B,200
09:32:33,8.12,S,500
09:32:33,8.12,S,700
09:32:34,8.13,B,200
09:32:34,8.13,B,300
09:32:34,8.12,S,700
09:32:35,8.13,B,100
09:32:35,8.12,S,200
09:32:35,8.12,S,1800
09:32:35,8.12,S,200
09:32:35,8.12,S,700
09:32:35,8.12,S,2000
09:32:35,8.12,S,1000
09:32:35,8.12,S,1300
09:32:35,8.13,B,2400
09:32:35,8.13,B,400
09:32:35,8.13,B,400
09:32:35,8.13,B,1200
09:32:35,8.13,B,600
09:32:35,8.12,S,1700
09:32:35,8.12,S,1000
09:32:35,8.12,S,1800
09:32:35,8.12,S,200
09:32:35,8.12,S,9800
09:32:36,8.12,S,200
09:32:36,8.12,S,2000
09:32:36,8.12,S,2500
09:32:36,8.12,S,100
09:32:36,8.12,S,3000
09:32:36,8.13,B,100
09:32:36,8.13,B,5000
09:32:36,8.13,B,300
09:32:36,8.13,B,1700
09:32:36,8.12,S,300
09:32:37,8.12,S,3500
09:32:38,8.12,S,100
09:32:38,8.13,B,500
09:32:38,8.12,S,100
09:32:39,8.12,S,400
09:32:39,8.12,S,300
09:32:39,8.12,S,600
09:32:39,8.12,S,400
09:32:39,8.12,S,2000
09:32:39,8.12,S,600
09:32:39,8.12,S,900
09:32:39,8.12,S,500
09:32:39,8.12,S,600
09:32:39,8.13,B,700
09:32:39,8.13,B,200
09:32:39,8.13,B,100
09:32:39,8.13,B,2000
09:32:39,8.12,S,300
09:32:39,8.13,B,3000
09:32:39,8.12,S,100
09:32:39,8.12,S,1200
09:32:39,8.13,B,1500
09:32:40,8.12,S,600
09:32:40,8.12,S,3000
09:32:40,8.12,S,900
09:32:40,8.12,S,100
09:32:40,8.12,S,2300
09:32:40,8.12,S,300
09:32:40,8.13,B,400
09:32:40,8.13,B,800
09:32:41,8.12,S,100
09:32:41,8.12,S,1000
09:32:41,8.12,S,2500
09:32:41,8.12,S,700
09:32:41,8.12,S,300
09:32:41,8.13,B,500
09:32:42,8.12,S,1100
09:32:42,8.12,S,1100
09:32:42,8.12,S,700
09:32:42,8.13,B,3000
09:32:42,8.12,S,300
09:32:42,8.12,S,500
09:32:42,8.12,S,200
09:32:42,8.12,S,600
09:32:42,8.12,S,500
09:32:42,8.12,S,3000
09:32:42,8.12,S,100
09:32:42,8.12,S,1000
09:32:42,8.12,S,500
09:32:42,8.12,S,500
09:32:42,8.12,S,500
09:32:42,8.12,S,2000
09:32:42,8.12,S,400
09:32:42,8.12,S,700
09:32:42,8.13,B,100
09:32:42,8.12,S,800
09:32:42,8.12,S,1000
09:32:42,8.12,S,400
09:32:42,8.12,S,3000
09:32:42,8.12,S,200
09:32:43,8.13,B,200
09:32:43,8.13,B,1000
09:32:43,8.12,S,1300
09:32:43,8.12,S,2000
09:32:43,8.12,S,500
09:32:43,8.12,S,1600
09:32:43,8.12,S,300
09:32:43,8.12,S,400
09:32:43,8.12,S,300
09:32:43,8.12,S,4000
09:32:43,8.12,S,1000
09:32:43,8.12,S,1900
09:32:43,8.13,B,5300
09:32:43,8.12,S,1100
09:32:43,8.12,S,500
09:32:43,8.12,S,200
09:32:44,8.13,B,500
09:32:44,8.13,B,1600
09:32:44,8.13,B,100
09:32:44,8.13,B,300
09:32:44,8.13,B,400
09:32:44,8.13,B,100
09:32:44,8.13,B,1000
09:32:44,8.12,S,600
09:32:44,8.12,S,400
09:32:44,8.12,S,2000
09:32:44,8.12,S,600
09:32:44,8.12,S,2000
09:32:44,8.12,S,500
09:32:44,8.12,S,500
09:32:45,8.12,S,1500
09:32:45,8.12,S,1000
09:32:45,8.12,S,500
09:32:45,8.12,S,1000
09:32:45,8.12,S,1500
09:32:45,8.11,S,3700
09:32:45,8.13,B,1600
09:32:45,8.13,B,1000
09:32:46,8.11,S,1300
09:32:46,8.13,B,400
09:32:46,8.13,B,700
09:32:46,8.13,B,18900
09:32:46,8.12,B,300
09:32:46,8.12,B,300
09:32:46,8.12,B,1200
09:32:46,8.13,B,3200
09:32:47,8.12,B,800
09:32:47,8.13,B,1000
09:32:48,8.13,B,10000
09:32:48,8.12,S,1200
09:32:48,8.12,S,500
09:32:48,8.12,S,18000
09:32:48,8.12,B,300
09:32:48,8.13,B,100
09:32:48,8.13,B,500
09:32:48,8.13,B,200
09:32:48,8.13,B,300
09:32:49,8.13,B,2500
09:32:49,8.13,B,2000
09:32:49,8.12,S,1000
09:32:50,8.12,S,3700
09:32:50,8.12,S,300
09:32:50,8.13,B,400
09:32:50,8.12,S,4400
09:32:51,8.13,B,400
09:32:51,8.13,B,500
09:32:51,8.13,B,500
09:32:51,8.13,B,1500
09:32:51,8.13,B,1000
09:32:51,8.13,B,1100
09:32:51,8.13,B,100
09:32:51,8.13,B,6300
09:32:51,8.12,S,300
09:32:52,8.12,S,200
09:32:52,8.12,S,400
09:32:52,8.12,S,1300
09:32:52,8.13,B,800
09:32:52,8.13,B,200
09:32:53,8.12,S,5500
09:32:54,8.13,B,200
09:32:54,8.13,B,2500
09:32:54,8.13,B,2300
09:32:54,8.13,B,200
09:32:54,8.12,S,3800
09:32:55,8.13,B,100
09:32:55,8.13,B,1100
09:32:55,8.13,B,2300
09:32:55,8.13,B,2000
09:32:55,8.12,S,200
09:32:55,8.12,S,800
09:32:55,8.13,B,2000
09:32:56,8.12,S,14100
09:32:56,8.12,S,400
09:32:56,8.13,B,300
09:32:56,8.12,S,100
09:32:56,8.12,S,1000
09:32:56,8.12,S,400
09:32:57,8.13,B,300
09:32:57,8.13,B,300
09:32:57,8.13,B,200
09:32:57,8.13,B,200
09:32:57,8.13,B,200
09:32:57,8.13,B,800
09:32:57,8.13,B,200
09:32:58,8.13,B,100
09:32:58,8.13,B,700
09:32:58,8.13,B,7400
09:32:58,8.13,B,200
09:32:58,8.13,B,100
09:32:58,8.13,B,200
09:32:58,8.13,B,4000
09:32:58,8.13,B,1700
09:32:58,8.13,B,1100
09:32:58,8.13,B,4600
09:32:58,8.13,B,500
09:32:58,8.12,S,1000
09:32:58,8.13,B,1000
09:32:58,8.12,S,100
09:32:59,8.13,B,500
09:32:59,8.13,B,5000
09:32:59,8.12,S,8600
09:32:59,8.13,B,400
09:32:59,8.12,S,3600
09:32:59,8.12,S,1800
09:33:00,8.13,B,1400
09:33:00,8.13,B,400
09:33:00,8.12,S,100
09:33:00,8.13,B,600
09:33:00,8.13,B,1500
09:33:00,8.13,B,1800
09:33:00,8.13,B,100
09:33:00,8.13,B,800
09:33:00,8.13,B,1800
09:33:00,8.13,B,400
09:33:00,8.13,B,1400
09:33:00,8.13,B,1800
09:33:00,8.13,B,1300
09:33:00,8.13,B,1900
09:33:01,8.12,S,10800
09:33:01,8.13,B,2000
09:33:01,8.12,S,4000
09:33:02,8.13,B,1800
09:33:02,8.13,B,1000
09:33:02,8.13,B,1000
09:33:02,8.13,B,500
09:33:02,8.13,B,1800
09:33:02,8.13,B,200
09:33:02,8.13,B,100
09:33:02,8.13,B,100
09:33:02,8.13,B,300
09:33:03,8.12,S,1100
09:33:03,8.12,S,100
09:33:03,8.13,B,1000
09:33:03,8.12,S,200
09:33:03,8.13,B,600
09:33:03,8.13,B,1800
09:33:03,8.13,B,600
09:33:04,8.13,B,300
09:33:04,8.13,B,1000
09:33:04,8.13,B,500
09:33:04,8.13,B,500
09:33:04,8.13,B,1400
09:33:04,8.13,B,3600
09:33:05,8.13,B,1800
09:33:05,8.13,B,800
09:33:05,8.13,B,1800
09:33:05,8.13,B,600
09:33:05,8.12,S,2000
09:33:05,8.12,S,800
09:33:05,8.13,B,200
09:33:05,8.13,B,6000
09:33:05,8.13,B,500
09:33:05,8.12,S,1000
09:33:06,8.13,B,3500
09:33:06,8.13,B,100
09:33:06,8.13,B,1300
09:33:06,8.13,B,900
09:33:06,8.13,B,6200
09:33:06,8.13,B,200
09:33:06,8.13,B,1800
09:33:06,8.13,B,1800
09:33:06,8.13,B,5200
09:33:06,8.13,B,1300
09:33:06,8.14,B,1500
09:33:06,8.14,B,1000
09:33:07,8.13,S,5000
09:33:07,8.13,S,10400
09:33:07,8.13,S,9600
09:33:07,8.13,S,600
09:33:08,8.13,S,1000
09:33:08,8.13,S,1000
09:33:08,8.13,S,1000
09:33:08,8.13,S,1300
09:33:08,8.13,S,1000
09:33:08,8.13,S,1800
09:33:09,8.13,S,700
09:33:09,8.13,S,100
09:33:10,8.13,S,300
09:33:10,8.13,S,4700
09:33:10,8.13,S,100
09:33:10,8.13,S,1100
09:33:11,8.14,B,1000
09:33:11,8.13,S,1000
09:33:12,8.13,S,4400
09:33:13,8.13,S,2000
09:33:13,8.13,S,600
09:33:14,8.13,S,2500
09:33:15,8.14,B,500
09:33:16,8.13,S,32000
09:33:16,8.13,S,42000
09:33:17,8.13,S,9600
09:33:17,8.13,S,100
09:33:17,8.13,S,8600
09:33:17,8.13,S,8900
09:33:18,8.14,B,32400
09:33:18,8.14,B,5000
09:33:18,8.14,B,10000
09:33:18,8.14,B,3500
09:33:18,8.14,B,2600
09:33:18,8.14,B,3000
09:33:18,8.14,S,200
09:33:19,8.14,S,30600
09:33:19,8.14,S,12700
09:33:19,8.14,S,300
09:33:19,8.14,S,100
09:33:20,8.14,S,200
09:33:20,8.14,S,1300
09:33:21,8.14,S,1000
09:33:21,8.14,S,100
09:33:23,8.14,S,1000
09:33:23,8.14,S,300
09:33:23,8.14,S,1000
09:33:23,8.14,S,500
09:33:23,8.14,S,2000
09:33:23,8.14,S,800
09:33:23,8.15,B,600
09:33:23,8.15,B,2900
09:33:23,8.15,B,100
09:33:23,8.15,B,2600
09:33:24,8.14,S,500
09:33:24,8.14,S,1800
09:33:25,8.14,S,300
09:33:25,8.14,S,400
09:33:25,8.14,S,300
09:33:25,8.14,S,1000
09:33:27,8.14,S,200
09:33:28,8.14,S,4700
09:33:28,8.14,S,2800
09:33:28,8.14,S,2000
09:33:28,8.14,S,100
09:33:28,8.14,S,36200
09:33:28,8.14,S,300
09:33:28,8.13,S,1100
09:33:28,8.13,S,900
09:33:28,8.13,S,2000
09:33:28,8.13,S,6000
09:33:28,8.13,S,1200
09:33:28,8.13,S,500
09:33:28,8.13,S,500
09:33:28,8.13,S,1000
09:33:28,8.13,S,1000
09:33:28,8.13,S,300
09:33:28,8.13,S,500
09:33:28,8.13,S,1500
09:33:28,8.13,S,1400
09:33:28,8.13,S,300
09:33:28,8.13,S,2200
09:33:28,8.13,S,900
09:33:28,8.13,S,11800
09:33:28,8.13,S,2000
09:33:28,8.13,S,11200
09:33:28,8.13,S,1000
09:33:28,8.13,S,100
09:33:28,8.13,S,500
09:33:28,8.13,S,1800
09:33:29,8.13,S,200
09:33:29,8.14,B,100
09:33:29,8.14,B,400
09:33:30,8.14,B,1000
09:33:30,8.14,B,100
09:33:30,8.14,B,2800
09:33:31,8.14,B,500
09:33:31,8.13,S,300
09:33:31,8.13,S,4100
09:33:31,8.13,S,400
09:33:31,8.13,S,2000
09:33:31,8.13,S,500
09:33:31,8.13,S,300
09:33:31,8.13,S,100
09:33:31,8.13,S,500
09:33:31,8.13,S,1000
09:33:31,8.13,S,300
09:33:31,8.13,S,100
09:33:32,8.14,B,1000
09:33:32,8.14,B,1000
09:33:32,8.13,S,300
09:33:32,8.14,B,200
09:33:32,8.15,B,8200
09:33:32,8.15,B,1000
09:33:32,8.14,S,100
09:33:33,8.15,B,2000
09:33:33,8.15,B,1000
09:33:33,8.14,S,800
09:33:33,8.14,S,1600
09:33:33,8.14,S,200
09:33:33,8.14,S,200
09:33:33,8.14,S,200
09:33:33,8.14,S,300
09:33:35,8.14,S,200
09:33:35,8.14,S,1000
09:33:35,8.14,S,2000
09:33:35,8.14,S,200
09:33:35,8.14,S,700
09:33:35,8.15,B,2000
09:33:36,8.15,B,900
09:33:37,8.14,S,200
09:33:37,8.14,S,500
09:33:37,8.15,B,500
09:33:38,8.14,S,3600
09:33:38,8.14,S,500
09:33:38,8.14,S,1000
09:33:39,8.14,S,1000
09:33:39,8.15,B,300
09:33:39,8.15,B,1500
09:33:39,8.15,B,2500
09:33:40,8.15,B,2500
09:33:40,8.15,B,100
09:33:40,8.15,B,100
09:33:40,8.15,B,500
09:33:40,8.15,B,600
09:33:40,8.15,B,100
09:33:40,8.15,B,1100
09:33:40,8.15,B,8900
09:33:40,8.15,B,1100
09:33:40,8.14,S,100
09:33:40,8.14,S,1000
09:33:40,8.14,S,8000
09:33:40,8.14,S,200
09:33:40,8.14,S,30000
09:33:40,8.14,S,1200
09:33:40,8.14,S,9100
09:33:40,8.14,S,4500
09:33:40,8.14,S,200
09:33:40,8.14,S,1700
09:33:40,8.14,S,200
09:33:40,8.14,S,6000
09:33:40,8.14,S,800
09:33:41,8.15,B,5000
09:33:41,8.14,S,1400
09:33:41,8.15,B,1000
09:33:41,8.15,B,3000
09:33:41,8.14,S,1000
09:33:42,8.15,B,1100
09:33:42,8.15,B,3800
09:33:42,8.15,B,500
09:33:42,8.15,B,4500
09:33:43,8.15,B,3000
09:33:43,8.14,S,6800
09:33:43,8.14,S,1600
09:33:43,8.14,S,10000
09:33:43,8.14,S,200
09:33:43,8.14,S,1600
09:33:43,8.13,S,600
09:33:43,8.13,S,1400
09:33:43,8.13,S,900
09:33:43,8.15,B,500
09:33:44,8.15,B,600
09:33:44,8.15,B,1000
09:33:44,8.15,B,500
09:33:44,8.15,B,400
09:33:44,8.15,B,500
09:33:44,8.15,B,1000
09:33:44,8.15,B,3000
09:33:45,8.15,B,2000
09:33:45,8.14,S,200
09:33:45,8.14,S,800
09:33:45,8.14,S,3400
09:33:46,8.15,B,3000
09:33:46,8.14,S,1000
09:33:46,8.14,S,1000
09:33:46,8.15,B,100
09:33:46,8.14,S,1000
09:33:46,8.15,B,100
09:33:46,8.15,B,2000
09:33:47,8.14,S,200
09:33:47,8.14,S,300
09:33:47,8.15,B,1000
09:33:48,8.14,S,1700
09:33:48,8.15,B,3000
09:33:48,8.14,S,300
09:33:48,8.15,B,1000
09:33:48,8.15,B,800
09:33:49,8.15,B,2600
09:33:49,8.15,B,300
09:33:49,8.15,B,10000
09:33:50,8.15,B,100
09:33:50,8.15,B,800
09:33:50,8.15,B,500
09:33:50,8.14,S,1000
09:33:50,8.14,S,1100
09:33:50,8.14,S,400
09:33:51,8.14,S,100
09:33:51,8.14,S,1300
09:33:51,8.14,S,500
09:33:51,8.14,S,1000
09:33:51,8.14,S,2000
09:33:51,8.14,S,3000
09:33:51,8.14,S,200
09:33:51,8.14,S,200
09:33:51,8.14,S,1000
09:33:51,8.14,S,500
09:33:51,8.14,S,100
09:33:51,8.14,S,2600
09:33:51,8.15,B,500
09:33:51,8.15,B,100
09:33:51,8.15,B,1000
09:33:52,8.15,B,5000
09:33:52,8.15,B,1100
09:33:52,8.15,B,100
09:33:52,8.15,B,100
09:33:52,8.15,B,3000
09:33:52,8.14,S,300
09:33:52,8.15,B,2000
09:33:52,8.15,B,2000
09:33:52,8.15,B,100
09:33:52,8.15,B,2900
09:33:52,8.14,S,500
09:33:52,8.15,B,1100
09:33:52,8.15,B,1000
09:33:52,8.15,B,900
09:33:52,8.15,B,1000
09:33:52,8.15,B,200
09:33:52,8.15,B,600
09:33:52,8.15,B,300
09:33:52,8.15,B,1000
09:33:52,8.15,B,900
09:33:53,8.15,B,1000
09:33:53,8.14,S,800
09:33:53,8.15,B,2600
09:33:53,8.15,B,1000
09:33:53,8.15,B,400
09:33:53,8.14,S,600
09:33:54,8.15,B,300
09:33:54,8.15,B,200
09:33:54,8.15,B,4100
09:33:54,8.15,B,5900
09:33:54,8.15,B,600
09:33:54,8.15,B,1400
09:33:54,8.15,B,1300
09:33:55,8.15,B,100
09:33:55,8.15,B,2500
09:33:55,8.15,B,1000
09:33:55,8.15,B,1000
09:33:55,8.14,S,600
09:33:55,8.14,S,300
09:33:55,8.14,S,200
09:33:56,8.15,B,2000
09:33:56,8.15,B,1400
09:33:56,8.15,B,1700
09:33:56,8.15,B,10000
09:33:56,8.14,S,1000
09:33:56,8.14,S,400
09:33:56,8.14,S,3500
09:33:57,8.15,B,2400
09:33:57,8.15,B,1000
09:33:57,8.15,B,7700
09:33:57,8.14,S,500
09:33:58,8.15,B,3000
09:33:58,8.15,B,10000
09:33:58,8.14,S,1000
09:33:58,8.14,S,1000
09:33:58,8.15,B,1000
09:33:58,8.15,B,400
09:33:58,8.15,B,5100
09:33:59,8.15,B,200
09:33:59,8.15,B,6000
09:33:59,8.15,B,1600
09:33:59,8.15,B,300
09:33:59,8.15,B,800
09:33:59,8.15,B,100
09:33:59,8.15,B,2000
09:34:00,8.15,B,100
09:34:00,8.15,B,2300
09:34:00,8.15,B,200
09:34:00,8.15,B,200
09:34:00,8.15,B,1000
09:34:00,8.15,B,2000
09:34:00,8.15,B,800
09:34:01,8.15,B,300
09:34:01,8.15,B,3900
09:34:01,8.15,B,200
09:34:01,8.15,B,1000
09:34:01,8.14,S,1000
09:34:01,8.14,S,300
09:34:01,8.14,S,3000
09:34:01,8.14,S,700
09:34:01,8.15,B,400
09:34:01,8.14,S,10100
09:34:02,8.14,S,1000
09:34:02,8.15,B,2000
09:34:02,8.15,B,400
09:34:02,8.15,B,1000
09:34:02,8.15,B,5100
09:34:02,8.15,B,500
09:34:02,8.15,B,3900
09:34:02,8.15,B,200
09:34:03,8.15,B,1000
09:34:03,8.15,B,100
09:34:03,8.15,B,900
09:34:04,8.15,B,1000
09:34:04,8.15,B,6000
09:34:04,8.15,B,2000
09:34:04,8.15,B,300
09:34:05,8.15,B,100
09:34:05,8.15,B,100
09:34:05,8.14,S,400
09:34:05,8.15,B,200
09:34:05,8.15,B,200
09:34:05,8.14,S,100
09:34:05,8.15,B,58600
09:34:05,8.15,B,12600
09:34:05,8.15,B,9300
09:34:05,8.15,B,1700
09:34:05,8.14,S,100
09:34:06,8.15,B,1000
09:34:06,8.15,B,3500
09:34:06,8.15,B,500
09:34:06,8.15,B,300
09:34:06,8.15,B,300
09:34:07,8.15,B,400
09:34:07,8.14,S,200
09:34:07,8.14,S,700
09:34:07,8.15,B,3000
09:34:07,8.15,B,12000
09:34:07,8.15,B,100
09:34:07,8.15,B,2000
09:34:07,8.15,B,500
09:34:08,8.14,S,4000
09:34:08,8.15,B,5400
09:34:08,8.15,B,2500
09:34:08,8.15,B,500
09:34:08,8.15,B,1000
09:34:08,8.15,B,800
09:34:08,8.14,S,200
09:34:08,8.15,B,800
09:34:08,8.15,B,2000
09:34:08,8.15,B,1
09:34:08,8.15,B,900
09:34:08,8.15,B,299
09:34:08,8.15,B,1
09:34:08,8.15,B,300
09:34:08,8.15,B,899
09:34:08,8.15,B,800
09:34:09,8.15,B,301
09:34:09,8.15,B,499
09:34:09,8.15,B,600
09:34:09,8.15,B,800
09:34:09,8.15,B,4500
09:34:09,8.14,S,40000
09:34:10,8.15,B,100
09:34:10,8.15,B,1400
09:34:10,8.15,B,300
09:34:10,8.15,B,1801
09:34:10,8.15,B,1000
09:34:11,8.15,S,7199
09:34:11,8.15,S,5000
09:34:11,8.15,S,500
09:34:11,8.15,S,400
09:34:11,8.14,S,6901
09:34:11,8.15,S,2000
09:34:11,8.14,S,8000
09:34:12,8.15,S,800
09:34:12,8.15,S,1000
09:34:12,8.15,S,100
09:34:12,8.15,S,1000
09:34:13,8.15,S,8700
09:34:13,8.15,S,500
09:34:13,8.15,S,800
09:34:13,8.15,S,1600
09:34:13,8.15,S,400
09:34:13,8.15,S,2500
09:34:13,8.15,S,1100
09:34:13,8.15,S,1400
09:34:13,8.15,S,100
09:34:15,8.15,S,500
09:34:15,8.15,S,800
09:34:16,8.15,S,400
09:34:16,8.15,S,100
09:34:16,8.15,S,200
09:34:16,8.15,S,800
09:34:17,8.15,S,2000
09:34:17,8.15,S,1900
09:34:18,8.15,S,1200
09:34:18,8.16,B,400
09:34:18,8.16,B,200
09:34:18,8.16,B,100
09:34:18,8.16,B,1300
09:34:18,8.16,B,2000
09:34:18,8.16,B,3000
09:34:18,8.16,B,2000
09:34:19,8.15,S,1900
09:34:19,8.15,S,2100
09:34:19,8.15,S,400
09:34:20,8.15,S,1500
09:34:20,8.16,B,5000
09:34:20,8.16,B,500
09:34:20,8.16,B,2000
09:34:20,8.16,B,1500
09:34:20,8.16,B,5000
09:34:20,8.16,B,1000
09:34:20,8.16,B,500
09:34:20,8.16,B,4700
09:34:20,8.16,B,7800
09:34:21,8.15,S,2600
09:34:21,8.15,S,100
09:34:22,8.15,S,1100
09:34:22,8.15,S,600
09:34:24,8.15,S,2100
09:34:27,8.16,S,500
09:34:27,8.16,S,1800
09:34:28,8.16,S,300
09:34:29,8.16,S,1100
09:34:30,8.16,S,3400
09:34:30,8.16,S,200
09:34:30,8.16,S,500
09:34:31,8.16,S,800
09:34:31,8.16,S,2000
09:34:31,8.15,S,1700
09:34:32,8.16,S,800
09:34:33,8.16,S,200
09:34:33,8.15,S,800
09:34:33,8.16,S,1700
09:34:34,8.17,B,500
09:34:35,8.16,S,400
09:34:35,8.16,S,900
09:34:35,8.15,S,2000
09:34:35,8.15,S,2000
09:34:35,8.15,S,1500
09:34:35,8.15,S,300
09:34:35,8.15,S,1300
09:34:35,8.15,S,600
09:34:37,8.17,B,1500
09:34:37,8.17,B,100
09:34:37,8.17,B,200
09:34:37,8.17,B,300
09:34:37,8.16,S,500
09:34:37,8.15,S,2100
09:34:37,8.15,S,900
09:34:37,8.16,B,500
09:34:37,8.16,B,500
09:34:37,8.16,S,400
09:34:39,8.16,S,600
09:34:39,8.16,S,2400
09:34:39,8.16,S,600
09:34:39,8.16,S,4200
09:34:39,8.16,S,1900
09:34:39,8.16,B,100
09:34:40,8.17,B,1700
09:34:40,8.17,B,3300
09:34:40,8.16,S,100
09:34:41,8.16,S,4600
09:34:42,8.16,S,200
09:34:42,8.16,S,450
09:34:42,8.16,S,100
09:34:43,8.17,B,2000
09:34:43,8.16,S,500
09:34:44,8.16,S,200
09:34:44,8.17,B,1000
09:34:45,8.17,B,600
09:34:45,8.17,B,3000
09:34:45,8.17,B,100
09:34:45,8.17,B,1100
09:34:45,8.16,S,1750
09:34:45,8.16,S,800
09:34:45,8.16,S,1000
09:34:45,8.16,S,1000
09:34:45,8.16,S,2000
09:34:45,8.16,S,200
09:34:45,8.16,S,2000
09:34:45,8.16,S,100
09:34:45,8.16,S,400
09:34:45,8.16,S,750
09:34:46,8.16,S,1000
09:34:46,8.17,B,300
09:34:46,8.17,B,2000
09:34:47,8.17,B,100
09:34:47,8.17,B,1200
09:34:47,8.17,B,100
09:34:47,8.17,B,300
09:34:47,8.16,S,450
09:34:47,8.16,S,200
09:34:47,8.16,S,800
09:34:47,8.15,S,11350
09:34:48,8.16,B,100
09:34:48,8.17,B,2300
09:34:48,8.17,B,100
09:34:48,8.17,B,500
09:34:48,8.15,S,500
09:34:49,8.16,S,100
09:34:49,8.17,B,1500
09:34:49,8.17,B,1300
09:34:49,8.17,B,300
09:34:49,8.17,B,200
09:34:49,8.17,B,4700
09:34:49,8.17,B,1900
09:34:50,8.17,B,1000
09:34:50,8.16,S,1900
09:34:50,8.16,S,500
09:34:50,8.16,S,100
09:34:50,8.16,S,600
09:34:50,8.17,B,500
09:34:51,8.16,S,300
09:34:51,8.16,S,200
09:34:51,8.16,S,9100
09:34:51,8.17,B,100
09:34:51,8.17,B,2000
09:34:52,8.16,S,4900
09:34:52,8.16,S,100
09:34:52,8.15,S,4300
09:34:52,8.16,B,1000
09:34:53,8.16,B,2000
09:34:53,8.16,B,2000
09:34:53,8.16,B,800
09:34:53,8.17,B,3300
09:34:53,8.17,B,1000
09:34:53,8.16,S,200
09:34:54,8.17,B,3000
09:34:54,8.17,B,1200
09:34:54,8.17,B,5000
09:34:54,8.16,S,200
09:34:54,8.17,B,2000
09:34:55,8.17,B,1100
09:34:56,8.17,B,4300
09:34:56,8.17,B,10000
09:34:57,8.17,B,5000
09:34:57,8.17,B,3900
09:34:57,8.17,B,500
09:34:57,8.17,B,600
09:34:57,8.17,B,2400
09:34:57,8.17,B,2600
09:34:58,8.17,B,300
09:34:58,8.17,B,12000
09:34:58,8.17,B,7700
09:34:58,8.17,B,500
09:34:58,8.17,B,10000
09:34:58,8.17,B,1000
09:34:58,8.16,S,200
09:34:59,8.17,B,500
09:34:59,8.17,B,300
09:34:59,8.17,B,900
09:34:59,8.17,B,3300
09:34:59,8.17,B,5000
09:34:59,8.16,S,1400
09:34:59,8.16,S,500
09:34:59,8.16,S,1100
09:35:00,8.17,B,300
09:35:00,8.17,B,1000
09:35:01,8.17,B,400
09:35:01,8.17,B,500
09:35:01,8.17,B,2600
09:35:01,8.17,B,100
09:35:02,8.17,B,2200
09:35:02,8.17,B,600
09:35:02,8.17,B,2500
09:35:03,8.16,S,1000
09:35:03,8.16,S,1000
09:35:03,8.16,S,700
09:35:03,8.16,S,1300
09:35:03,8.17,B,2000
09:35:03,8.17,B,200
09:35:03,8.17,B,600
09:35:03,8.17,B,1000
09:35:03,8.17,B,3400
09:35:03,8.17,B,200
09:35:03,8.17,B,100
09:35:04,8.17,B,100
09:35:04,8.17,B,400
09:35:04,8.17,B,500
09:35:04,8.17,B,100
09:35:05,8.17,S,100
09:35:05,8.17,S,600
09:35:05,8.17,S,400
09:35:05,8.17,S,300
09:35:05,8.16,S,2400
09:35:06,8.16,S,800
09:35:06,8.16,S,100
09:35:07,8.17,S,600
09:35:08,8.18,B,500
09:35:08,8.18,B,200
09:35:09,8.17,S,300
09:35:10,8.17,S,700
09:35:10,8.17,S,500
09:35:10,8.17,S,800
09:35:10,8.17,S,1300
09:35:10,8.17,S,6164
09:35:10,8.17,S,200
09:35:13,8.18,B,400
09:35:13,8.18,B,5000
09:35:13,8.18,B,3900
09:35:13,8.18,B,3000
09:35:13,8.18,B,200
09:35:13,8.18,B,100
09:35:13,8.18,B,100
09:35:13,8.18,B,1600
09:35:13,8.18,B,5000
09:35:13,8.18,B,1200
09:35:13,8.18,B,100
09:35:13,8.18,B,100
09:35:13,8.17,S,1500
09:35:14,8.17,S,2136
09:35:14,8.17,S,200
09:35:14,8.17,S,500
09:35:14,8.17,S,100
09:35:14,8.17,S,1564
09:35:15,8.17,S,8436
09:35:15,8.17,S,700
09:35:15,8.17,S,864
09:35:16,8.17,S,1000
09:35:17,8.17,S,300
09:35:17,8.18,B,1900
09:35:17,8.18,B,5000
09:35:17,8.18,B,3100
09:35:18,8.17,S,47836
09:35:18,8.17,S,2000
09:35:18,8.17,S,200
09:35:18,8.17,S,500
09:35:18,8.17,S,5000
09:35:18,8.17,S,500
09:35:18,8.17,S,6200
09:35:18,8.17,S,7764
09:35:19,8.17,S,2236
09:35:19,8.17,S,1000
09:35:19,8.17,S,100
09:35:19,8.17,S,500
09:35:19,8.17,S,700
09:35:19,8.17,S,4600
09:35:19,8.17,S,300
09:35:19,8.17,S,200
09:35:19,8.17,S,100
09:35:19,8.17,S,764
09:35:19,8.18,B,100
09:35:19,8.18,B,1800
09:35:19,8.18,B,200
09:35:19,8.17,S,500
09:35:20,8.18,B,4600
09:35:20,8.17,S,600
09:35:20,8.18,B,100
09:35:20,8.18,B,300
09:35:20,8.18,B,1400
09:35:20,8.18,B,300
09:35:20,8.18,B,600
09:35:23,8.17,S,236
09:35:23,8.17,S,500
09:35:23,8.17,S,1264
09:35:25,8.17,S,1036
09:35:25,8.17,S,2000
09:35:25,8.17,S,1464
09:35:25,8.18,B,1000
09:35:25,8.17,S,1400
09:35:26,8.18,B,1000
09:35:26,8.18,B,300
09:35:27,8.17,S,536
09:35:27,8.17,S,100
09:35:27,8.17,S,364
09:35:29,8.18,B,3000
09:35:29,8.18,B,200
09:35:30,8.17,S,636
09:35:30,8.17,S,200
09:35:30,8.17,S,2000
09:35:30,8.17,S,800
09:35:30,8.17,S,1364
09:35:30,8.17,S,1000
09:35:31,8.18,B,2000
09:35:31,8.17,S,636
09:35:31,8.17,S,664
09:35:31,8.18,B,1900
09:35:31,8.18,B,600
09:35:32,8.18,B,4200
09:35:32,8.18,B,4000
09:35:32,8.18,B,4100
09:35:32,8.17,S,1500
09:35:32,8.17,S,500
09:35:33,8.18,B,1000
09:35:33,8.17,S,5836
09:35:33,8.17,S,1000
09:35:33,8.17,S,100
09:35:33,8.17,S,3200
09:35:33,8.17,S,1864
09:35:34,8.17,S,200
09:35:35,8.18,B,200
09:35:35,8.18,B,4700
09:35:35,8.18,B,9700
09:35:35,8.18,B,1000
09:35:35,8.18,B,1800
09:35:35,8.18,B,700
09:35:35,8.18,B,200
09:35:36,8.17,S,400
09:35:36,8.17,S,1736
09:35:36,8.17,S,500
09:35:36,8.17,S,500
09:35:36,8.17,S,1764
09:35:36,8.18,B,200
09:35:36,8.17,S,900
09:35:36,8.18,B,1800
09:35:37,8.18,B,1000
09:35:37,8.18,B,6500
09:35:38,8.18,B,700
09:35:38,8.18,B,2600
09:35:39,8.17,S,47336
09:35:39,8.17,S,4300
09:35:39,8.17,S,600
09:35:39,8.17,S,1200
09:35:39,8.17,S,100
09:35:39,8.17,S,500
09:35:39,8.17,S,2000
09:35:39,8.17,S,12000
09:35:39,8.17,S,1964
09:35:39,8.17,S,36
09:35:39,8.17,S,1300
09:35:39,8.17,S,3664
09:35:39,8.18,B,500
09:35:40,8.17,S,5000
09:35:41,8.18,B,1700
09:35:41,8.18,B,200
09:35:41,8.18,B,1000
09:35:42,8.18,B,10000
09:35:43,8.18,B,500
09:35:44,8.18,B,2000
09:35:45,8.17,S,1336
09:35:45,8.17,S,100
09:35:45,8.17,S,200
09:35:45,8.17,S,264
09:35:45,8.17,S,1100
09:35:45,8.17,S,500
09:35:45,8.18,B,900
09:35:45,8.18,B,500
09:35:45,8.18,B,19000
09:35:45,8.18,B,1000
09:35:46,8.18,B,200
09:35:46,8.18,B,2300
09:35:46,8.18,B,500
09:35:47,8.18,B,600
09:35:47,8.17,S,1136
09:35:47,8.17,S,2864
09:35:47,8.17,S,700
09:35:47,8.18,B,100
09:35:47,8.17,S,3436
09:35:47,8.17,S,1300
09:35:47,8.17,S,264
09:35:47,8.18,B,2000
09:35:47,8.18,B,1500
09:35:47,8.18,B,800
09:35:48,8.18,B,200
09:35:48,8.18,B,100
09:35:49,8.18,B,1400
09:35:49,8.18,B,1000
09:35:49,8.18,B,2600
09:35:49,8.18,B,100
09:35:49,8.18,B,1000
09:35:49,8.18,B,1300
09:35:49,8.18,B,79900
09:35:49,8.18,B,1900
09:35:49,8.18,B,25000
09:35:49,8.18,B,20000
09:35:49,8.18,B,2000
09:35:49,8.18,B,3000
09:35:49,8.18,B,200
09:35:49,8.18,B,23800
09:35:49,8.18,B,2000
09:35:49,8.18,B,1000
09:35:49,8.18,B,500
09:35:49,8.18,S,4700
09:35:49,8.18,S,34700
09:35:49,8.17,S,136
09:35:49,8.17,S,5000
09:35:49,8.17,S,100
09:35:49,8.17,S,1000
09:35:49,8.17,S,700
09:35:49,8.17,S,500
09:35:49,8.17,S,1764
09:35:50,8.18,S,100
09:35:50,8.18,S,900
09:35:51,8.18,B,2600
09:35:51,8.18,B,5000
09:35:51,8.18,B,2000
09:35:51,8.17,S,436
09:35:51,8.17,S,700
09:35:51,8.17,S,864
09:35:52,8.18,B,1000
09:35:52,8.17,S,4136
09:35:52,8.17,S,100
09:35:52,8.17,S,5000
09:35:52,8.17,S,12200
09:35:52,8.17,S,3000
09:35:52,8.17,S,1464
09:35:52,8.18,B,100
09:35:52,8.17,S,700
09:35:52,8.18,B,5000
09:35:53,8.17,S,1000
09:35:53,8.18,B,2000
09:35:53,8.17,S,3000
09:35:54,8.18,B,1400
09:35:54,8.18,B,600
09:35:54,8.18,B,500
09:35:54,8.17,S,3836
09:35:54,8.17,S,164
09:35:54,8.18,B,100
09:35:54,8.18,B,2800
09:35:54,8.18,B,100
09:35:54,8.18,S,2100
09:35:54,8.17,S,9836
09:35:54,8.17,S,100
09:35:54,8.17,S,300
09:35:54,8.17,S,29364
09:35:54,8.18,S,1000
09:35:55,8.18,S,1000
09:35:55,8.18,S,600
09:35:55,8.17,S,400
09:35:55,8.18,S,200
09:35:55,8.18,S,1200
09:35:55,8.18,S,5000
09:35:56,8.18,B,3700
09:35:57,8.18,B,7000
09:35:58,8.17,S,236
09:35:58,8.17,S,1000
09:35:58,8.17,S,2000
09:35:58,8.17,S,100
09:35:58,8.17,S,100
09:35:58,8.17,S,300
09:35:58,8.17,S,264
09:35:58,8.18,B,100
09:35:58,8.18,B,1000
09:35:58,8.17,S,236
09:35:58,8.17,S,500
09:35:58,8.17,S,464
09:35:58,8.18,B,2000
09:35:58,8.18,B,400
09:35:59,8.18,B,2000
09:35:59,8.18,B,100
09:35:59,8.18,B,1000
09:36:00,8.17,S,36
09:36:00,8.17,S,10364
09:36:00,8.18,B,3600
09:36:00,8.17,S,1400
09:36:00,8.18,B,6400
09:36:00,8.18,B,1900
09:36:01,8.18,S,5400
09:36:01,8.18,S,1000
09:36:01,8.18,S,1800
09:36:01,8.18,S,1200
09:36:01,8.17,S,600
09:36:01,8.18,B,800
09:36:02,8.18,B,1000
09:36:02,8.18,B,1000
09:36:02,8.18,B,100
09:36:02,8.18,B,100
09:36:02,8.18,B,100
09:36:03,8.18,B,3900
09:36:03,8.18,B,1000
09:36:03,8.18,B,1000
09:36:03,8.18,B,3100
09:36:04,8.18,S,1000
09:36:04,8.18,S,200
09:36:04,8.18,S,1000
09:36:04,8.18,S,2000
09:36:04,8.18,S,800
09:36:05,8.18,B,100
09:36:05,8.18,B,200
09:36:05,8.18,B,1300
09:36:05,8.18,B,1000
09:36:05,8.18,B,100
09:36:05,8.18,B,500
09:36:05,8.17,S,1300
09:36:06,8.17,S,5400
09:36:06,8.17,S,400
09:36:06,8.17,S,700
09:36:06,8.18,B,200
09:36:06,8.18,B,1000
09:36:06,8.18,B,600
09:36:06,8.17,S,200
09:36:06,8.18,B,500
09:36:06,8.18,B,100
09:36:07,8.18,B,4900
09:36:07,8.18,B,600
09:36:07,8.17,S,200
09:36:07,8.18,B,400
09:36:07,8.18,B,2500
09:36:08,8.18,B,5000
09:36:08,8.18,B,400
09:36:09,8.18,B,1000
09:36:09,8.18,B,1300
09:36:09,8.17,S,1636
09:36:09,8.17,S,600
09:36:09,8.17,S,2264
09:36:09,8.18,B,200
09:36:09,8.17,S,1000
09:36:09,8.18,B,500
09:36:10,8.18,B,2000
09:36:10,8.18,B,100
09:36:10,8.18,B,1000
09:36:10,8.18,B,1000
09:36:11,8.18,B,10000
09:36:11,8.18,B,1000
09:36:12,8.18,B,200
09:36:12,8.18,B,400
09:36:12,8.18,B,600
09:36:13,8.18,B,3000
09:36:13,8.18,B,2000
09:36:13,8.18,B,8600
09:36:13,8.17,S,1000
09:36:13,8.17,S,5736
09:36:13,8.17,S,64
09:36:13,8.18,B,1000
09:36:13,8.18,B,1500
09:36:13,8.18,B,200
09:36:13,8.18,B,2000
09:36:14,8.18,B,200
09:36:14,8.18,B,3600
09:36:14,8.18,B,200
09:36:15,8.17,S,300
09:36:15,8.18,B,200
09:36:16,8.18,B,1000
09:36:16,8.18,B,500
09:36:16,8.18,B,1000
09:36:17,8.18,B,3600
09:36:17,8.18,B,1000
09:36:17,8.17,S,336
09:36:17,8.17,S,1000
09:36:17,8.17,S,664
09:36:17,8.18,B,100
09:36:18,8.18,B,1500
09:36:18,8.18,B,100
09:36:18,8.18,B,1000
09:36:19,8.18,B,300
09:36:19,8.18,B,900
09:36:19,8.17,S,336
09:36:19,8.17,S,3364
09:36:19,8.17,S,100
09:36:19,8.18,B,500
09:36:20,8.17,S,1836
09:36:20,8.17,S,500
09:36:20,8.17,S,2064
09:36:20,8.17,S,600
09:36:20,8.18,B,2600
09:36:20,8.18,B,2400
09:36:20,8.18,B,1600
09:36:20,8.18,B,1000
09:36:20,8.18,B,2000
09:36:20,8.18,B,1300
09:36:20,8.18,B,3100
09:36:20,8.18,B,1000
09:36:20,8.18,B,1000
09:36:20,8.18,B,9000
09:36:20,8.18,B,200
09:36:20,8.18,B,200
09:36:20,8.18,B,100
09:36:21,8.18,B,200
09:36:21,8.18,B,1000
09:36:21,8.17,S,200
09:36:21,8.17,S,1000
09:36:21,8.18,B,1000
09:36:22,8.18,B,200
09:36:22,8.18,B,500
09:36:22,8.18,B,800
09:36:22,8.18,B,1500
09:36:22,8.18,B,1800
09:36:22,8.18,B,2000
09:36:22,8.18,B,100
09:36:22,8.18,B,2000
09:36:22,8.18,B,100
09:36:22,8.18,B,9900
09:36:22,8.18,B,1000
09:36:22,8.18,B,200
09:36:23,8.18,B,500
09:36:24,8.18,B,500
09:36:24,8.17,S,1200
09:36:24,8.17,S,2300
09:36:24,8.18,B,5000
09:36:24,8.18,B,100
09:36:24,8.18,B,2400
09:36:25,8.17,S,6136
09:36:25,8.17,S,1864
09:36:25,8.18,B,400
09:36:25,8.18,B,800
09:36:25,8.18,B,2000
09:36:25,8.18,B,700
09:36:25,8.18,B,1000
09:36:25,8.18,B,1300
09:36:25,8.17,S,1836
09:36:25,8.17,S,200
09:36:25,8.17,S,1000
09:36:25,8.17,S,700
09:36:25,8.17,S,500
09:36:25,8.17,S,1000
09:36:25,8.17,S,100
09:36:25,8.17,S,2000
09:36:25,8.17,S,600
09:36:25,8.17,S,2000
09:36:25,8.17,S,64
09:36:25,8.18,B,1900
09:36:25,8.18,S,500
09:36:26,8.18,S,1800
09:36:26,8.19,B,2000
09:36:26,8.19,B,1000
09:36:26,8.19,B,7000
09:36:27,8.18,S,600
09:36:27,8.18,S,1400
09:36:27,8.18,S,500
09:36:27,8.18,S,1000
09:36:27,8.18,S,100
09:36:27,8.18,S,900
09:36:27,8.18,S,500
09:36:27,8.18,S,200
09:36:27,8.17,S,836
09:36:27,8.17,S,264
09:36:28,8.18,S,500
09:36:28,8.18,S,2500
09:36:28,8.18,S,500
09:36:28,8.18,S,5000
09:36:28,8.17,S,500
09:36:28,8.17,S,400
09:36:29,8.18,B,300
09:36:29,8.18,B,200
09:36:29,8.17,S,400
09:36:29,8.18,B,1000
09:36:29,8.18,B,10000
09:36:29,8.18,B,100
09:36:30,8.18,B,2000
09:36:30,8.18,B,1000
09:36:30,8.18,B,1900
09:36:30,8.18,B,1100
09:36:31,8.17,S,1236
09:36:31,8.17,S,100
09:36:31,8.17,S,500
09:36:31,8.17,S,2200
09:36:31,8.17,S,164
09:36:31,8.18,B,1100
09:36:31,8.18,B,600
09:36:32,8.18,B,500
09:36:32,8.18,B,1700
09:36:32,8.18,B,100
09:36:32,8.18,B,400
09:36:32,8.18,B,100
09:36:32,8.18,B,100
09:36:32,8.17,S,636
09:36:32,8.17,S,664
09:36:32,8.17,S,700
09:36:32,8.18,B,1000
09:36:32,8.18,B,1200
09:36:33,8.17,S,100
09:36:33,8.18,B,1000
09:36:34,8.18,B,500
09:36:34,8.18,B,200
09:36:34,8.18,B,1000
09:36:34,8.18,B,1300
09:36:34,8.18,B,1000
09:36:34,8.18,B,1700
09:36:34,8.18,B,1500
09:36:34,8.18,B,1000
09:36:35,8.18,B,400
09:36:35,8.17,S,200
09:36:35,8.18,B,2000
09:36:35,8.18,B,2800
09:36:35,8.18,B,500
09:36:35,8.18,B,10000
09:36:35,8.18,S,6700
09:36:35,8.18,B,200
09:36:35,8.18,S,500
09:36:35,8.18,S,500
09:36:36,8.18,B,3000
09:36:36,8.18,B,2000
09:36:37,8.18,B,600
09:36:37,8.17,S,1800
09:36:37,8.18,B,100
09:36:37,8.17,S,3000
09:36:37,8.17,S,5400
09:36:37,8.18,B,100
09:36:38,8.18,B,3200
09:36:38,8.18,B,1800
09:36:38,8.18,B,200
09:36:38,8.18,B,300
09:36:38,8.18,B,1400
09:36:38,8.18,B,900
09:36:38,8.18,B,1000
09:36:38,8.17,S,100
09:36:38,8.18,B,100
09:36:38,8.18,B,300
09:36:38,8.17,S,1000
09:36:39,8.17,S,1036
09:36:39,8.17,S,864
09:36:39,8.18,B,500
09:36:39,8.18,B,300
09:36:39,8.18,B,200
09:36:39,8.18,B,2000
09:36:39,8.18,B,500
09:36:39,8.18,B,300
09:36:39,8.18,B,300
09:36:39,8.18,B,600
09:36:39,8.17,S,100
09:36:40,8.18,B,1100
09:36:40,8.18,B,2500
09:36:40,8.18,S,1100
09:36:41,8.18,S,1300
09:36:41,8.18,S,4900
09:36:41,8.18,S,200
09:36:41,8.18,S,1100
09:36:41,8.18,S,1700
09:36:41,8.17,S,900
09:36:41,8.18,B,3200
09:36:41,8.18,S,1800
09:36:42,8.17,S,136
09:36:42,8.17,S,3764
09:36:42,8.19,B,500
09:36:43,8.18,S,1800
09:36:43,8.18,S,2000
09:36:44,8.18,S,3600
09:36:44,8.18,S,2600
09:36:44,8.18,S,1500
09:36:44,8.18,S,1000
09:36:44,8.18,S,2000
09:36:44,8.18,S,2000
09:36:45,8.19,B,600
09:36:45,8.18,S,1900
09:36:45,8.18,S,2000
09:36:45,8.19,B,1800
09:36:46,8.18,S,800
09:36:46,8.18,S,2000
09:36:46,8.18,S,2000
09:36:47,8.18,S,200
09:36:47,8.18,S,1000
09:36:47,8.18,S,700
09:36:47,8.18,S,2000
09:36:47,8.18,S,1000
09:36:47,8.17,S,1336
09:36:47,8.17,S,8764
09:36:47,8.18,B,300
09:36:47,8.17,S,600
09:36:47,8.18,B,300
09:36:47,8.18,B,200
09:36:47,8.17,S,100
09:36:47,8.18,B,100
09:36:48,8.18,B,1700
09:36:48,8.18,B,8700
09:36:48,8.18,B,1000
09:36:48,8.18,B,1000
09:36:48,8.18,B,300
09:36:48,8.18,B,700
09:36:48,8.18,B,1300
09:36:48,8.18,B,5000
09:36:48,8.18,B,3700
09:36:48,8.17,S,1800
09:36:48,8.18,B,600
09:36:49,8.18,B,700
09:36:49,8.17,S,1800
09:36:49,8.18,B,100
09:36:49,8.17,S,100
09:36:49,8.18,B,4500
09:36:49,8.18,B,2500
09:36:49,8.17,S,2100
09:36:49,8.18,B,2200
09:36:49,8.18,B,300
09:36:50,8.18,B,500
09:36:50,8.18,B,2000
09:36:50,8.18,B,2000
09:36:50,8.18,B,2000
09:36:50,8.18,B,600
09:36:51,8.18,B,5000
09:36:51,8.17,S,100
09:36:52,8.18,B,700
09:36:52,8.18,B,1000
09:36:52,8.18,B,900
09:36:52,8.18,B,700
09:36:52,8.18,B,300
09:36:52,8.18,B,100
09:36:53,8.17,S,4400
09:36:53,8.17,S,1300
09:36:53,8.17,S,100
09:36:53,8.18,B,800
09:36:54,8.18,B,14200
09:36:54,8.18,B,1000
09:36:54,8.18,B,300
09:36:55,8.18,B,500
09:36:55,8.18,B,2300
09:36:56,8.18,B,800
09:36:56,8.18,B,200
09:36:57,8.17,S,1800
09:36:57,8.18,B,100
09:36:57,8.18,B,900
09:36:57,8.17,S,400
09:36:57,8.17,S,1800
09:36:58,8.18,B,2000
09:36:58,8.18,B,800
09:36:58,8.18,B,500
09:36:58,8.18,B,100
09:36:58,8.18,B,100
09:36:58,8.18,B,500
09:36:59,8.17,S,500
09:37:00,8.18,B,3000
09:37:00,8.18,B,3000
09:37:00,8.18,B,1500
09:37:00,8.17,S,800
09:37:00,8.18,B,2000
09:37:00,8.18,B,13000
09:37:01,8.18,B,100
09:37:01,8.18,B,1000
09:37:01,8.17,S,20000
09:37:01,8.17,S,500
09:37:01,8.18,B,200
09:37:02,8.18,B,500
09:37:02,8.17,S,7000
09:37:03,8.18,B,2000
09:37:03,8.18,B,15000
09:37:03,8.18,B,1000
09:37:03,8.17,S,3000
09:37:03,8.18,B,700
09:37:03,8.17,S,936
09:37:03,8.17,S,564
09:37:03,8.17,S,1736
09:37:03,8.17,S,1000
09:37:03,8.17,S,2000
09:37:03,8.17,S,800
09:37:03,8.17,S,1000
09:37:03,8.17,S,300
09:37:03,8.17,S,1800
09:37:03,8.17,S,100
09:37:04,8.17,B,2664
09:37:04,8.17,B,336
09:37:04,8.16,S,2000
09:37:04,8.16,S,300
09:37:04,8.16,S,800
09:37:04,8.16,S,1000
09:37:04,8.17,B,64
09:37:04,8.18,B,3936
09:37:04,8.18,B,2000
09:37:04,8.18,B,500
09:37:05,8.17,B,1000
09:37:05,8.18,B,200
09:37:06,8.17,B,2700
09:37:06,8.17,B,200
09:37:06,8.17,B,2100
09:37:06,8.18,B,21864
09:37:06,8.18,B,800
09:37:06,8.18,B,2000
09:37:06,8.18,B,5536
09:37:06,8.18,B,4464
09:37:06,8.18,B,1800
09:37:06,8.18,B,8000
09:37:06,8.18,B,700
09:37:06,8.18,B,2400
09:37:06,8.18,B,300
09:37:06,8.18,B,1000
09:37:06,8.18,B,6336
09:37:06,8.18,B,1000
09:37:06,8.18,B,1700
09:37:06,8.16,S,800
09:37:07,8.16,S,2000
09:37:08,8.17,B,500
09:37:08,8.16,S,300
09:37:08,8.17,B,4000
09:37:08,8.17,B,1000
09:37:08,8.17,B,5000
09:37:08,8.17,B,1000
09:37:09,8.17,B,5000
09:37:09,8.17,B,7000
09:37:09,8.17,B,1000
09:37:09,8.17,B,11000
09:37:09,8.17,B,300
09:37:10,8.17,B,700
09:37:10,8.17,B,5000
09:37:10,8.17,B,500
09:37:11,8.17,B,1000
09:37:11,8.17,B,300
09:37:12,8.17,B,500
09:37:13,8.17,B,800
09:37:13,8.16,S,3800
09:37:13,8.17,B,200
09:37:13,8.17,B,1000
09:37:13,8.17,B,2100
09:37:14,8.17,B,2000
09:37:14,8.17,B,1300
09:37:14,8.17,B,500
09:37:15,8.16,S,100
09:37:15,8.16,S,200
09:37:15,8.16,S,1400
09:37:15,8.16,S,100
09:37:15,8.16,S,100
09:37:15,8.16,S,600
09:37:15,8.16,S,1000
09:37:15,8.16,S,800
09:37:15,8.16,S,300
09:37:15,8.17,B,100
09:37:15,8.17,B,5400
09:37:15,8.17,B,400
09:37:15,8.17,B,13600
09:37:15,8.17,B,3900
09:37:16,8.17,B,200
09:37:16,8.17,B,300
09:37:16,8.17,B,1000
09:37:17,8.17,B,4000
09:37:17,8.17,B,4000
09:37:17,8.16,S,1700
09:37:17,8.16,S,5000
09:37:17,8.16,S,100
09:37:17,8.16,S,2000
09:37:17,8.16,S,500
09:37:17,8.16,S,1000
09:37:17,8.16,S,500
09:37:17,8.16,S,300
09:37:17,8.16,S,10000
09:37:17,8.16,S,2500
09:37:17,8.16,S,1500
09:37:17,8.16,S,1000
09:37:17,8.16,S,100
09:37:17,8.16,S,1000
09:37:17,8.16,S,10000
09:37:17,8.16,S,400
09:37:17,8.16,S,800
09:37:17,8.16,S,2500
09:37:17,8.16,S,2200
09:37:17,8.16,S,500
09:37:17,8.16,S,2000
09:37:17,8.16,S,400
09:37:17,8.16,S,100
09:37:17,8.16,S,200
09:37:17,8.16,S,500
09:37:17,8.16,S,500
09:37:17,8.16,S,300
09:37:17,8.16,S,500
09:37:17,8.16,S,400
09:37:17,8.16,S,1300
09:37:17,8.16,S,1000
09:37:17,8.16,S,3000
09:37:17,8.16,S,1200
09:37:17,8.16,S,300
09:37:17,8.16,S,500
09:37:17,8.16,S,700
09:37:17,8.16,S,1000
09:37:17,8.16,S,400
09:37:17,8.16,S,1000
09:37:17,8.15,S,500
09:37:17,8.15,S,2000
09:37:17,8.15,S,2000
09:37:17,8.15,S,400
09:37:17,8.15,S,2000
09:37:17,8.15,S,1000
09:37:17,8.15,S,300
09:37:17,8.15,S,300
09:37:17,8.15,S,1300
09:37:17,8.15,S,16100
09:37:17,8.15,S,100
09:37:17,8.15,S,500
09:37:17,8.15,S,1500
09:37:17,8.15,S,2700
09:37:17,8.15,S,500
09:37:17,8.15,S,2000
09:37:17,8.15,S,1100
09:37:17,8.15,S,1500
09:37:17,8.15,S,2000
09:37:17,8.15,S,10000
09:37:17,8.15,S,1700
09:37:17,8.15,S,500
09:37:17,8.15,S,20000
09:37:17,8.15,S,700
09:37:17,8.15,S,200
09:37:17,8.15,S,700
09:37:17,8.15,S,500
09:37:17,8.15,S,500
09:37:17,8.15,S,100
09:37:17,8.15,S,300
09:37:17,8.15,S,400
09:37:17,8.15,S,1000
09:37:17,8.15,S,300
09:37:17,8.15,S,5000
09:37:17,8.15,S,300
09:37:17,8.15,S,300
09:37:17,8.15,S,1400
09:37:17,8.15,S,2000
09:37:17,8.15,S,1000
09:37:17,8.15,S,5000
09:37:17,8.15,S,2000
09:37:17,8.15,S,5000
09:37:17,8.15,S,100
09:37:17,8.15,S,1000
09:37:17,8.15,S,1000
09:37:17,8.15,S,2700
09:37:17,8.17,B,100
09:37:17,8.17,B,3000
09:37:17,8.17,B,1000
09:37:18,8.17,B,1900
09:37:18,8.17,B,3100
09:37:18,8.17,B,500
09:37:19,8.17,B,1400
09:37:19,8.17,B,600
09:37:19,8.17,B,300
09:37:19,8.17,B,100
09:37:19,8.17,B,100
09:37:19,8.17,B,300
09:37:19,8.17,B,1500
09:37:19,8.16,S,200
09:37:19,8.16,B,400
09:37:19,8.16,B,5000
09:37:19,8.17,B,500
09:37:19,8.17,B,1800
09:37:19,8.17,B,1800
09:37:19,8.17,B,100
09:37:19,8.17,B,10400
09:37:19,8.17,B,2000
09:37:20,8.17,B,12900
09:37:20,8.17,B,500
09:37:20,8.17,B,500
09:37:20,8.17,B,700
09:37:20,8.17,B,900
09:37:21,8.17,B,2500
09:37:21,8.17,B,1600
09:37:21,8.17,B,400
09:37:22,8.17,B,100
09:37:22,8.17,B,6500
09:37:22,8.17,B,500
09:37:22,8.17,B,400
09:37:22,8.16,S,600
09:37:22,8.17,B,2700
09:37:22,8.17,B,1000
09:37:22,8.17,B,200
09:37:22,8.17,B,5000
09:37:22,8.17,B,100
09:37:22,8.17,B,1300
09:37:22,8.17,B,1200
09:37:22,8.17,B,400
09:37:22,8.17,B,300
09:37:22,8.17,B,1900
09:37:23,8.17,B,1000
09:37:23,8.16,S,400
09:37:23,8.16,S,100
09:37:23,8.16,B,800
09:37:23,8.17,B,700
09:37:24,8.15,S,1500
09:37:25,8.16,B,2000
09:37:25,8.16,B,1000
09:37:26,8.16,B,2000
09:37:26,8.16,B,100
09:37:26,8.16,B,4300
09:37:26,8.16,B,1000
09:37:26,8.17,B,300
09:37:26,8.17,B,9700
09:37:26,8.17,B,4000
09:37:26,8.17,B,1000
09:37:26,8.16,S,1800
09:37:26,8.16,S,800
09:37:26,8.15,S,2300
09:37:26,8.15,S,100
09:37:26,8.15,S,800
09:37:27,8.17,B,100
09:37:27,8.17,B,3400
09:37:27,8.16,S,1000
09:37:27,8.17,B,300
09:37:27,8.17,B,500
09:37:28,8.17,B,1800
09:37:29,8.16,B,400
09:37:29,8.16,B,5000
09:37:30,8.16,B,200
09:37:30,8.16,B,900
09:37:30,8.16,B,100
09:37:30,8.16,B,2000
09:37:30,8.16,B,100
09:37:31,8.16,B,2800
09:37:31,8.16,B,100
09:37:31,8.16,B,700
09:37:31,8.17,B,16400
09:37:31,8.15,S,500
09:37:31,8.15,S,100
09:37:31,8.15,S,300
09:37:31,8.17,B,100
09:37:32,8.16,B,1000
09:37:32,8.17,B,10000
09:37:32,8.17,B,100
09:37:32,8.17,B,400
09:37:32,8.17,B,500
09:37:32,8.17,B,500
09:37:32,8.16,B,1000
09:37:33,8.17,B,100
09:37:34,8.16,S,200
09:37:34,8.17,B,100
09:37:35,8.16,S,1000
09:37:35,8.16,S,1000
09:37:35,8.16,S,400
09:37:35,8.17,B,3000
09:37:35,8.17,B,200
09:37:35,8.17,B,100
09:37:36,8.17,B,1000
09:37:36,8.16,S,1000
09:37:36,8.16,S,1000
09:37:36,8.16,S,5000
09:37:37,8.16,S,1000
09:37:37,8.17,B,3500
09:37:37,8.16,S,4300
09:37:37,8.16,S,100
09:37:37,8.16,S,2800
09:37:37,8.16,S,500
09:37:38,8.17,B,900
09:37:39,8.16,S,2000
09:37:39,8.17,B,300
09:37:39,8.17,B,1300
09:37:40,8.16,S,500
09:37:41,8.16,S,2800
09:37:41,8.16,S,4000
09:37:41,8.17,B,2000
09:37:41,8.16,S,200
09:37:41,8.16,S,1800
09:37:42,8.16,S,2000
09:37:42,8.16,S,500
09:37:42,8.16,S,100
09:37:42,8.16,S,1400
09:37:43,8.17,B,200
09:37:43,8.17,B,100
09:37:44,8.16,S,600
09:37:44,8.16,S,400
09:37:44,8.16,S,600
09:37:44,8.16,S,100
09:37:44,8.16,S,1000
09:37:44,8.15,S,200
09:37:44,8.16,B,1300
09:37:44,8.15,S,4500
09:37:44,8.15,S,100
09:37:44,8.15,S,1500
09:37:44,8.15,S,5000
09:37:44,8.15,S,500
09:37:44,8.15,S,500
09:37:44,8.15,S,800
09:37:44,8.15,S,700
09:37:45,8.16,B,200
09:37:45,8.16,B,1300
09:37:45,8.16,B,500
09:37:45,8.16,B,500
09:37:45,8.17,B,300
09:37:46,8.16,S,700
09:37:46,8.15,S,1800
09:37:46,8.16,B,500
09:37:46,8.16,B,400
09:37:46,8.16,S,500
09:37:46,8.16,S,2100
09:37:46,8.16,S,300
09:37:46,8.16,B,4000
09:37:47,8.15,S,300
09:37:47,8.16,B,2000
09:37:47,8.16,B,1600
09:37:47,8.16,B,100
09:37:47,8.17,B,8300
09:37:47,8.15,S,200
09:37:47,8.15,S,800
09:37:47,8.15,S,200
09:37:47,8.15,S,800
09:37:48,8.15,S,100
09:37:48,8.15,S,4900
09:37:48,8.15,S,700
09:37:48,8.16,B,200
09:37:49,8.15,S,2800
09:37:49,8.15,S,2000
09:37:49,8.15,S,100
09:37:49,8.16,B,500
09:37:50,8.15,S,5000
09:37:50,8.15,S,1500
09:37:51,8.15,S,800
09:37:51,8.16,B,800
09:37:51,8.16,B,900
09:37:52,8.15,S,2200
09:37:52,8.15,S,500
09:37:52,8.15,S,1000
09:37:52,8.15,S,1000
09:37:52,8.15,S,700
09:37:52,8.15,S,200
09:37:52,8.15,S,500
09:37:52,8.16,B,300
09:37:52,8.16,B,1700
09:37:52,8.16,B,300
09:37:53,8.16,B,400
09:37:53,8.16,B,1600
09:37:53,8.16,B,600
09:37:53,8.15,S,400
09:37:54,8.16,B,200
09:37:55,8.16,B,2600
09:37:55,8.16,B,200
09:37:55,8.16,B,400
09:37:55,8.16,B,400
09:37:55,8.16,B,1100
09:37:55,8.16,B,3300
09:37:56,8.15,S,1600
09:37:56,8.15,S,800
09:37:56,8.15,S,500
09:37:56,8.15,S,1000
09:37:56,8.15,S,100
09:37:56,8.16,B,1000
09:37:56,8.15,S,100
09:37:57,8.16,B,500
09:37:57,8.16,B,100
09:37:57,8.16,B,600
09:37:57,8.16,B,500
09:37:57,8.16,B,5300
09:37:57,8.16,B,1200
09:37:57,8.16,B,2600
09:37:57,8.16,B,900
09:37:57,8.16,B,2000
09:37:57,8.16,B,100
09:37:58,8.16,B,300
09:37:59,8.16,B,1700
09:37:59,8.16,B,400
09:37:59,8.16,B,3000
09:37:59,8.16,B,300
09:38:00,8.16,B,2000
09:38:00,8.15,S,600
09:38:00,8.15,S,5000
09:38:00,8.15,S,500
09:38:00,8.15,S,1000
09:38:00,8.15,S,800
09:38:00,8.16,B,200
09:38:00,8.16,B,1000
09:38:00,8.16,B,4900
09:38:00,8.16,B,4100
09:38:00,8.16,B,200
09:38:00,8.16,B,500
09:38:00,8.16,B,3000
09:38:00,8.16,B,10000
09:38:01,8.16,S,200
09:38:01,8.17,B,200
09:38:02,8.17,B,5000
09:38:02,8.17,B,100
09:38:03,8.17,B,1100
09:38:03,8.16,S,500
09:38:03,8.16,S,700
09:38:04,8.16,S,12900
09:38:04,8.16,S,13300
09:38:05,8.17,B,1700
09:38:05,8.16,S,1000
09:38:05,8.16,S,900
09:38:05,8.17,B,100
09:38:05,8.17,B,800
09:38:05,8.17,B,1000
09:38:05,8.16,S,600
09:38:06,8.16,S,200
09:38:06,8.16,S,1900
09:38:06,8.16,S,400
09:38:06,8.16,S,200
09:38:06,8.16,S,200
09:38:07,8.16,S,200
09:38:07,8.16,S,1000
09:38:07,8.16,S,600
09:38:07,8.16,S,200
09:38:07,8.16,S,500
09:38:07,8.16,B,700
09:38:08,8.16,B,8800
09:38:08,8.17,B,95900
09:38:08,8.17,B,28000
09:38:08,8.17,B,1300
09:38:08,8.17,B,200
09:38:08,8.17,B,500
09:38:08,8.17,B,200
09:38:08,8.17,B,100
09:38:08,8.17,B,1100
09:38:08,8.15,S,1200
09:38:08,8.15,S,11300
09:38:08,8.15,S,1000
09:38:08,8.15,S,300
09:38:08,8.15,S,1000
09:38:08,8.15,S,200
09:38:08,8.15,S,100
09:38:08,8.15,S,300
09:38:08,8.15,S,1000
09:38:08,8.15,S,1000
09:38:08,8.15,S,500
09:38:08,8.15,S,1000
09:38:08,8.15,S,3000
09:38:08,8.15,S,1700
09:38:08,8.15,S,1600
09:38:08,8.15,S,1000
09:38:08,8.15,S,12000
09:38:08,8.15,S,3000
09:38:08,8.15,S,900
09:38:08,8.16,B,100
09:38:09,8.15,S,300
09:38:09,8.15,S,1100
09:38:09,8.15,S,100
09:38:09,8.16,B,800
09:38:09,8.16,B,2100
09:38:11,8.16,B,600
09:38:12,8.16,B,200
09:38:12,8.16,B,200
09:38:12,8.15,S,200
09:38:12,8.15,S,200
09:38:12,8.15,S,500
09:38:12,8.15,S,100
09:38:12,8.16,B,2000
09:38:13,8.16,B,100
09:38:13,8.16,B,300
09:38:13,8.16,B,100
09:38:13,8.16,B,2200
09:38:14,8.16,B,100
09:38:14,8.16,B,1000
09:38:15,8.16,B,100
09:38:15,8.16,B,2000
09:38:15,8.16,B,4200
09:38:15,8.16,B,100
09:38:15,8.16,B,1000
09:38:15,8.16,B,100
09:38:15,8.16,B,200
09:38:16,8.16,B,1700
09:38:16,8.16,B,300
09:38:16,8.16,B,2000
09:38:16,8.15,S,650
09:38:16,8.16,B,800
09:38:17,8.16,B,2500
09:38:17,8.16,B,7000
09:38:17,8.16,B,1000
09:38:17,8.16,B,2300
09:38:17,8.16,B,500
09:38:17,8.16,B,100
09:38:17,8.16,B,1600
09:38:17,8.16,B,1500
09:38:17,8.16,S,7300
09:38:17,8.15,S,1150
09:38:17,8.15,S,700
09:38:17,8.15,S,2950
09:38:17,8.16,B,200
09:38:17,8.16,B,2000
09:38:18,8.15,S,50
09:38:18,8.15,S,500
09:38:18,8.15,S,450
09:38:18,8.15,S,400
09:38:18,8.16,B,600
09:38:19,8.15,S,150
09:38:19,8.15,S,100
09:38:19,8.15,S,500
09:38:19,8.15,S,400
09:38:19,8.15,S,500
09:38:19,8.15,S,200
09:38:19,8.15,S,50
09:38:19,8.16,B,10700
09:38:19,8.16,B,5000
09:38:19,8.16,B,600
09:38:20,8.16,S,16700
09:38:20,8.16,B,400
09:38:21,8.16,B,12000
09:38:21,8.16,B,4700
09:38:21,8.16,B,200
09:38:22,8.16,S,3400
09:38:22,8.16,S,4900
09:38:22,8.17,B,700
09:38:22,8.17,B,1200
09:38:22,8.17,B,500
09:38:22,8.17,B,900
09:38:22,8.16,S,800
09:38:23,8.16,S,1000
09:38:23,8.16,S,700
09:38:24,8.17,B,1500
09:38:25,8.16,S,4100
09:38:25,8.17,B,500
09:38:25,8.16,S,100
09:38:25,8.16,S,60100
09:38:25,8.16,S,3000
09:38:25,8.16,S,1000
09:38:25,8.16,S,600
09:38:25,8.16,S,100
09:38:25,8.16,S,1000
09:38:25,8.16,S,3000
09:38:25,8.16,S,1000
09:38:25,8.15,S,50
09:38:25,8.15,S,200
09:38:25,8.15,S,300
09:38:25,8.15,S,1650
09:38:25,8.17,B,100
09:38:26,8.15,S,1000
09:38:26,8.16,S,100
09:38:26,8.15,S,1100
09:38:26,8.15,S,500
09:38:26,8.16,S,1000
09:38:26,8.15,S,4000
09:38:26,8.16,S,1000
09:38:26,8.16,S,1200
09:38:26,8.16,S,1000
09:38:26,8.16,S,2000
09:38:27,8.16,S,2000
09:38:27,8.16,S,700
09:38:27,8.15,S,6700
09:38:27,8.16,S,500
09:38:27,8.16,S,3000
09:38:28,8.16,S,1500
09:38:28,8.16,S,1200
09:38:28,8.16,S,800
09:38:28,8.16,B,1000
09:38:28,8.15,S,500
09:38:28,8.16,B,1000
09:38:29,8.16,B,3700
09:38:30,8.16,B,1200
09:38:30,8.15,S,1000
09:38:30,8.16,B,100
09:38:30,8.15,S,200
09:38:30,8.16,B,200
09:38:30,8.16,B,1400
09:38:30,8.17,B,1100
09:38:30,8.17,B,2000
09:38:30,8.17,B,500
09:38:31,8.16,S,1000
09:38:32,8.16,S,1000
09:38:32,8.16,S,3300
09:38:32,8.16,S,3300
09:38:32,8.16,S,1100
09:38:33,8.16,S,400
09:38:33,8.16,S,100
09:38:34,8.16,S,200
09:38:34,8.17,B,500
09:38:34,8.17,B,2400
09:38:34,8.17,B,500
09:38:34,8.17,B,2000
09:38:34,8.17,B,5000
09:38:34,8.17,B,1000
09:38:34,8.17,B,2300
09:38:34,8.17,B,200
09:38:35,8.16,S,11000
09:38:36,8.16,S,10000
09:38:36,8.16,S,3000
09:38:37,8.16,S,8000
09:38:37,8.16,S,5000
09:38:39,8.16,S,100
09:38:39,8.16,S,2500
09:38:40,8.16,S,6000
09:38:40,8.16,S,100
09:38:41,8.16,S,1100
09:38:41,8.16,S,2200
09:38:41,8.16,S,100
09:38:41,8.16,S,700
09:38:41,8.16,S,1000
09:38:42,8.16,S,2600
09:38:42,8.16,S,400
09:38:42,8.17,B,400
09:38:42,8.17,B,400
09:38:42,8.16,S,3500
09:38:42,8.16,S,600
09:38:42,8.16,S,2800
09:38:42,8.16,S,200
09:38:42,8.16,S,1000
09:38:42,8.16,S,1000
09:38:42,8.16,S,1000
09:38:42,8.16,S,5000
09:38:43,8.16,S,400
09:38:43,8.16,S,3900
09:38:44,8.16,S,200
09:38:44,8.16,S,1600
09:38:44,8.16,S,100
09:38:45,8.16,S,200
09:38:45,8.16,S,200
09:38:46,8.16,S,1400
09:38:46,8.17,B,100
09:38:46,8.17,B,200
09:38:46,8.16,S,500
09:38:46,8.17,B,100
09:38:47,8.17,B,100
09:38:47,8.16,S,100
09:38:48,8.16,S,100
09:38:48,8.17,B,1000
09:38:49,8.16,S,200
09:38:49,8.17,B,8600
09:38:49,8.17,B,100
09:38:49,8.17,B,1600
09:38:49,8.17,B,3000
09:38:49,8.17,B,500
09:38:49,8.17,B,2000
09:38:49,8.17,B,1000
09:38:49,8.17,B,3200
09:38:50,8.16,S,100
09:38:51,8.16,S,800
09:38:51,8.16,S,1000
09:38:51,8.16,S,1000
09:38:51,8.16,S,500
09:38:51,8.17,B,1000
09:38:51,8.16,S,20000
09:38:52,8.17,B,3100
09:38:53,8.16,S,1200
09:38:53,8.17,B,1000
09:38:53,8.16,S,1000
09:38:54,8.17,B,2700
09:38:54,8.16,S,4500
09:38:54,8.16,S,1800
09:38:54,8.16,S,500
09:38:54,8.16,S,900
09:38:55,8.16,S,3000
09:38:55,8.16,S,200
09:38:56,8.17,B,1800
09:38:56,8.16,S,9600
09:38:56,8.16,S,400
09:38:56,8.16,S,1100
09:38:56,8.16,S,1000
09:38:56,8.16,S,100
09:38:56,8.16,S,400
09:38:56,8.16,S,1000
09:38:57,8.17,B,100
09:38:57,8.16,S,500
09:38:58,8.16,S,1000
09:38:58,8.16,S,100
09:38:58,8.17,B,1000
09:38:58,8.17,B,3300
09:38:59,8.17,B,200
09:38:59,8.17,B,800
09:38:59,8.16,S,900
09:38:59,8.16,S,100
09:38:59,8.16,S,500
09:38:59,8.16,S,100
09:38:59,8.16,S,1400
09:38:59,8.16,S,600
09:38:59,8.16,S,2000
09:38:59,8.16,S,1800
09:38:59,8.16,S,1000
09:38:59,8.16,S,400
09:38:59,8.17,B,200
09:38:59,8.17,B,300
09:38:59,8.17,B,200
09:38:59,8.17,B,2000
09:39:00,8.16,S,600
09:39:00,8.16,S,400
09:39:00,8.16,S,500
09:39:00,8.16,S,100
09:39:00,8.16,S,400
09:39:00,8.16,S,1000
09:39:00,8.16,S,200
09:39:00,8.16,S,800
09:39:00,8.16,S,900
09:39:00,8.16,S,2000
09:39:00,8.16,S,1000
09:39:00,8.16,S,400
09:39:00,8.16,S,1000
09:39:00,8.16,S,3900
09:39:00,8.16,S,1000
09:39:00,8.16,S,9900
09:39:00,8.17,B,500
09:39:00,8.17,B,1800
09:39:00,8.17,B,300
09:39:00,8.17,B,500
09:39:00,8.17,B,1900
09:39:00,8.16,S,10000
09:39:00,8.16,S,900
09:39:01,8.17,B,4400
09:39:02,8.17,B,2000
09:39:02,8.16,S,100
09:39:03,8.16,S,500
09:39:04,8.17,B,151600
09:39:04,8.17,B,5000
09:39:04,8.17,B,500
09:39:04,8.16,S,900
09:39:05,8.16,S,4400
09:39:05,8.16,S,100
09:39:05,8.16,S,100
09:39:05,8.17,B,2000
09:39:06,8.16,S,300
09:39:06,8.16,S,600
09:39:06,8.16,S,900
09:39:06,8.16,S,1000
09:39:06,8.16,S,100
09:39:06,8.16,S,500
09:39:06,8.16,S,400
09:39:06,8.16,S,300
09:39:06,8.16,S,2500
09:39:06,8.16,S,100
09:39:06,8.16,S,700
09:39:06,8.16,S,3400
09:39:06,8.16,S,6600
09:39:06,8.16,S,20200
09:39:07,8.17,B,2000
09:39:07,8.16,S,2800
09:39:08,8.16,S,3000
09:39:09,8.16,S,400
09:39:09,8.16,S,200
09:39:09,8.17,B,900
09:39:10,8.17,B,900
09:39:10,8.16,S,2000
09:39:10,8.16,S,1000
09:39:10,8.16,S,500
09:39:11,8.17,B,4000
09:39:14,8.16,S,100
09:39:14,8.17,B,100
09:39:14,8.16,S,5000
09:39:14,8.16,S,100
09:39:14,8.16,S,1100
09:39:14,8.16,S,500
09:39:15,8.17,B,1000
09:39:15,8.17,B,100
09:39:15,8.16,S,19500
09:39:15,8.16,S,3000
09:39:15,8.16,S,600
09:39:15,8.16,S,700
09:39:15,8.16,S,5000
09:39:15,8.16,S,100
09:39:16,8.15,S,3350
09:39:16,8.15,S,200
09:39:16,8.15,S,600
09:39:16,8.15,S,450
09:39:16,8.16,B,2900
09:39:17,8.16,B,500
09:39:18,8.16,B,100
09:39:18,8.16,B,500
09:39:18,8.16,B,1000
09:39:18,8.16,B,2000
09:39:18,8.16,B,700
09:39:19,8.16,B,3400
09:39:19,8.16,B,1000
09:39:19,8.16,B,600
09:39:19,8.16,B,400
09:39:20,8.16,B,1800
09:39:20,8.16,B,1200
09:39:20,8.16,B,6800
09:39:20,8.16,B,1000
09:39:20,8.16,B,1500
09:39:21,8.15,S,50
09:39:21,8.15,S,950
09:39:21,8.16,B,5200
09:39:21,8.16,B,200
09:39:21,8.16,B,500
09:39:21,8.16,B,5000
09:39:21,8.16,B,1000
09:39:21,8.16,B,1500
09:39:21,8.16,S,2000
09:39:21,8.16,S,500
09:39:21,8.16,S,200
09:39:22,8.17,B,1800
09:39:22,8.16,S,4100
09:39:22,8.16,S,2600
09:39:22,8.15,S,1250
09:39:22,8.15,S,1600
09:39:22,8.15,S,1500
09:39:22,8.15,S,1000
09:39:22,8.15,S,2050
09:39:22,8.15,S,500
09:39:22,8.16,B,100
09:39:22,8.16,B,1000
09:39:23,8.17,B,4900
09:39:23,8.17,B,100
09:39:23,8.16,S,500
09:39:23,8.16,B,100
09:39:23,8.16,B,400
09:39:23,8.16,B,200
09:39:23,8.17,B,16800
09:39:23,8.17,B,3000
09:39:24,8.16,S,500
09:39:24,8.16,B,100
09:39:24,8.16,B,500
09:39:25,8.16,B,3000
09:39:26,8.16,B,400
09:39:26,8.15,S,2300
09:39:26,8.16,B,3000
09:39:26,8.16,B,1000
09:39:27,8.15,S,1050
09:39:27,8.15,S,2950
09:39:27,8.16,B,1000
09:39:27,8.16,B,3000
09:39:28,8.16,B,1300
09:39:28,8.16,B,500
09:39:28,8.16,B,3400
09:39:29,8.16,B,400
09:39:29,8.16,B,300
09:39:29,8.16,B,1000
09:39:30,8.16,B,1000
09:39:32,8.16,B,300
09:39:32,8.16,B,700
09:39:33,8.15,S,2000
09:39:33,8.16,B,400
09:39:33,8.16,B,1500
09:39:34,8.16,B,300
09:39:34,8.16,B,100
09:39:34,8.16,B,500
09:39:34,8.16,B,200
09:39:34,8.16,B,100
09:39:34,8.16,B,1000
09:39:34,8.16,B,1000
09:39:34,8.16,B,4000
09:39:34,8.16,B,5000
09:39:34,8.16,B,1000
09:39:34,8.16,B,1300
09:39:34,8.16,B,1600
09:39:34,8.17,B,2000
09:39:34,8.17,B,6000
09:39:34,8.17,B,200
09:39:34,8.17,B,400
09:39:34,8.17,B,2000
09:39:34,8.17,B,400
09:39:34,8.17,B,10000
09:39:34,8.17,B,1000
09:39:34,8.17,B,300
09:39:34,8.17,B,1000
09:39:34,8.17,B,500
09:39:34,8.17,B,100
09:39:34,8.17,B,50000
09:39:34,8.17,B,1100
09:39:34,8.17,B,1000
09:39:34,8.17,B,700
09:39:34,8.17,B,200
09:39:34,8.17,B,500
09:39:34,8.17,B,4100
09:39:34,8.17,B,1500
09:39:34,8.17,B,900
09:39:34,8.17,B,100
09:39:34,8.17,B,9400
09:39:34,8.17,B,500
09:39:34,8.17,B,800
09:39:35,8.16,S,100
09:39:35,8.16,B,1000
09:39:35,8.16,B,300
09:39:35,8.16,B,300
09:39:35,8.16,S,400
09:39:35,8.15,S,50
09:39:35,8.15,S,100
09:39:35,8.15,S,550
09:39:35,8.17,B,200
09:39:35,8.17,B,900
09:39:35,8.15,S,1000
09:39:36,8.16,B,100
09:39:36,8.15,S,1600
09:39:36,8.16,B,200
09:39:36,8.15,S,200
09:39:36,8.16,B,1900
09:39:36,8.16,B,1900
09:39:36,8.16,S,500
09:39:37,8.16,S,500
09:39:37,8.17,B,1100
09:39:37,8.17,B,900
09:39:37,8.17,B,1100
09:39:37,8.17,B,600
09:39:37,8.16,S,1200
09:39:37,8.16,S,400
09:39:37,8.16,S,300
09:39:37,8.16,S,200
09:39:38,8.15,S,250
09:39:38,8.15,S,800
09:39:38,8.15,S,2000
09:39:38,8.15,S,300
09:39:38,8.15,S,300
09:39:38,8.15,S,750
09:39:38,8.16,B,200
09:39:39,8.16,B,900
09:39:39,8.15,S,250
09:39:39,8.15,S,1000
09:39:39,8.15,S,750
09:39:40,8.15,S,250
09:39:40,8.15,S,300
09:39:40,8.15,S,800
09:39:40,8.15,S,800
09:39:40,8.15,S,1000
09:39:40,8.15,S,2550
09:39:40,8.15,S,300
09:39:41,8.16,B,1000
09:39:41,8.16,B,2600
09:39:41,8.16,B,200
09:39:42,8.15,S,1900
09:39:42,8.16,B,1000
09:39:43,8.16,B,100
09:39:43,8.16,B,1200
09:39:43,8.15,S,250
09:39:43,8.15,S,1900
09:39:43,8.15,S,2000
09:39:43,8.15,S,850
09:39:44,8.16,B,100
09:39:44,8.15,S,350
09:39:44,8.15,S,150
09:39:44,8.16,B,1400
09:39:45,8.15,S,4850
09:39:45,8.15,S,150
09:39:45,8.15,S,250
09:39:45,8.15,S,850
09:39:45,8.16,B,900
09:39:45,8.15,S,50
09:39:45,8.15,S,100
09:39:45,8.15,S,300
09:39:45,8.15,S,400
09:39:45,8.15,S,5000
09:39:45,8.15,S,3300
09:39:45,8.15,S,1000
09:39:45,8.15,S,500
09:39:45,8.15,S,1500
09:39:45,8.15,S,400
09:39:45,8.15,S,5000
09:39:45,8.15,S,500
09:39:45,8.15,S,2000
09:39:45,8.15,S,500
09:39:45,8.15,S,100
09:39:45,8.15,S,1000
09:39:45,8.15,S,1600
09:39:45,8.15,S,1650
09:39:45,8.16,B,100
09:39:46,8.15,S,4400
09:39:46,8.15,S,100
09:39:47,8.15,S,6700
09:39:47,8.16,B,1000
09:39:47,8.16,B,10000
09:39:47,8.16,B,900
09:39:48,8.15,S,400
09:39:49,8.16,B,300
09:39:49,8.15,S,4400
09:39:49,8.15,S,100
09:39:50,8.16,B,500
09:39:50,8.15,S,4500
09:39:51,8.15,S,7750
09:39:51,8.15,S,200
09:39:51,8.15,S,2300
09:39:51,8.15,S,1000
09:39:51,8.15,S,2000
09:39:51,8.15,S,600
09:39:51,8.15,S,500
09:39:51,8.15,S,100
09:39:51,8.15,S,100
09:39:51,8.15,S,5450
09:39:51,8.16,B,6700
09:39:51,8.15,S,4550
09:39:51,8.15,S,2000
09:39:51,8.15,S,450
09:39:51,8.16,B,10600
09:39:51,8.16,B,10800
09:39:51,8.16,B,3000
09:39:51,8.16,B,2000
09:39:51,8.16,B,5000
09:39:51,8.16,B,2400
09:39:51,8.16,B,10000
09:39:51,8.16,B,25000
09:39:51,8.16,B,31200
09:39:52,8.15,S,150
09:39:52,8.15,S,1000
09:39:52,8.15,S,500
09:39:52,8.15,S,150
09:39:52,8.16,B,2100
09:39:52,8.15,S,50
09:39:52,8.15,S,1000
09:39:52,8.15,S,1050
09:39:53,8.16,B,1000
09:39:53,8.16,B,1000
09:39:53,8.15,S,1950
09:39:53,8.15,S,5000
09:39:53,8.15,S,600
09:39:53,8.15,S,500
09:39:53,8.15,S,10000
09:39:53,8.15,S,100
09:39:53,8.15,S,3600
09:39:53,8.15,S,100
09:39:53,8.15,S,100
09:39:53,8.15,S,300
09:39:53,8.15,S,3500
09:39:53,8.15,S,100
09:39:53,8.15,S,4800
09:39:53,8.15,S,2000
09:39:53,8.15,S,1000
09:39:53,8.15,S,8350
09:39:53,8.16,B,100
09:39:55,8.16,B,1000
09:39:55,8.16,B,100
09:39:56,8.15,S,1650
09:39:56,8.15,S,350
09:39:56,8.15,S,450
09:39:56,8.15,S,500
09:39:56,8.15,S,1000
09:39:56,8.15,S,100
09:39:56,8.15,S,1000
09:39:56,8.15,S,1100
09:39:56,8.15,S,2000
09:39:56,8.15,S,200
09:39:56,8.15,S,1500
09:39:56,8.15,S,1000
09:39:56,8.15,S,2000
09:39:56,8.15,S,2600
09:39:56,8.15,S,10000
09:39:56,8.15,S,500
09:39:56,8.15,S,1000
09:39:56,8.15,S,1000
09:39:56,8.15,S,10000
09:39:59,8.15,B,1000
09:40:00,8.15,B,2100
09:40:00,8.15,B,1000
09:40:01,8.15,B,100
09:40:02,8.15,B,5000
09:40:02,8.15,B,2800
09:40:02,8.15,B,1000
09:40:03,8.15,B,100
09:40:03,8.15,B,100
09:40:03,8.15,B,500
09:40:04,8.15,B,1100
09:40:04,8.15,B,1000
09:40:04,8.15,B,200
09:40:04,8.15,B,1000
09:40:04,8.14,S,800
09:40:04,8.15,B,100
09:40:05,8.15,B,700
09:40:05,8.15,B,200
09:40:06,8.15,B,100
09:40:06,8.15,B,6100
09:40:06,8.15,B,2000
09:40:06,8.14,S,1600
09:40:06,8.14,S,1200
09:40:07,8.15,B,1000
09:40:07,8.15,B,300
09:40:07,8.14,S,3800
09:40:07,8.14,S,5000
09:40:07,8.14,S,500
09:40:07,8.14,S,1000
09:40:07,8.14,S,100
09:40:07,8.14,S,900
09:40:07,8.14,S,9100
09:40:07,8.14,S,500
09:40:07,8.14,S,1300
09:40:07,8.14,S,600
09:40:07,8.14,S,200
09:40:07,8.14,S,1000
09:40:07,8.14,S,500
09:40:07,8.14,S,200
09:40:07,8.14,S,600
09:40:08,8.14,S,300
09:40:08,8.15,B,900
09:40:08,8.15,B,5000
09:40:08,8.15,B,200
09:40:08,8.15,B,3900
09:40:09,8.15,B,100
09:40:09,8.15,B,2000
09:40:09,8.15,B,2600
09:40:10,8.15,B,1300
09:40:11,8.15,B,1500
09:40:11,8.15,B,10000
09:40:11,8.15,B,3000
09:40:12,8.14,S,100
09:40:12,8.14,S,600
09:40:13,8.14,S,100
09:40:13,8.14,S,700
09:40:14,8.15,B,100
09:40:14,8.15,B,300
09:40:14,8.15,B,2000
09:40:14,8.14,S,500
09:40:15,8.14,S,100
09:40:15,8.14,S,1700
09:40:16,8.15,B,3000
09:40:16,8.15,B,8400
09:40:16,8.14,S,400
09:40:16,8.14,S,200
09:40:17,8.14,S,1800
09:40:17,8.14,S,200
09:40:17,8.14,S,1000
09:40:17,8.14,S,300
09:40:17,8.14,S,1200
09:40:17,8.14,S,3800
09:40:17,8.15,B,500
09:40:17,8.14,S,1000
09:40:18,8.15,B,500
09:40:18,8.15,B,200
09:40:18,8.15,B,5000
09:40:18,8.14,S,200
09:40:19,8.14,S,200
09:40:19,8.14,S,300
09:40:19,8.15,B,100
09:40:20,8.14,S,400
09:40:20,8.14,S,100
09:40:20,8.14,S,6000
09:40:20,8.14,S,1000
09:40:20,8.14,S,200
09:40:20,8.14,S,2800
09:40:20,8.15,B,500
09:40:20,8.15,B,200
09:40:21,8.15,B,3000
09:40:21,8.14,S,100
09:40:21,8.14,S,200
09:40:21,8.14,S,100
09:40:22,8.14,S,1500
09:40:22,8.14,S,7500
09:40:22,8.15,B,100
09:40:22,8.15,B,100
09:40:23,8.14,S,1000
09:40:23,8.14,S,200
09:40:23,8.14,S,2000
09:40:23,8.14,S,700
09:40:23,8.15,B,700
09:40:23,8.14,S,2500
09:40:23,8.14,S,1200
09:40:23,8.14,S,900
09:40:24,8.14,S,3000
09:40:25,8.14,S,1100
09:40:25,8.14,S,1800
09:40:25,8.15,B,100
09:40:25,8.15,B,2000
09:40:25,8.14,S,200
09:40:25,8.14,S,100
09:40:26,8.14,S,1300
09:40:26,8.14,S,1000
09:40:26,8.14,S,200
09:40:26,8.14,S,7500
09:40:26,8.14,S,2500
09:40:26,8.14,S,400
09:40:26,8.14,S,200
09:40:26,8.14,S,13400
09:40:26,8.14,S,1000
09:40:26,8.14,S,200
09:40:26,8.14,S,4000
09:40:26,8.14,S,1000
09:40:26,8.14,S,1100
09:40:26,8.14,S,500
09:40:26,8.14,S,500
09:40:26,8.14,S,20000
09:40:26,8.14,S,700
09:40:27,8.15,B,2800
09:40:27,8.15,B,800
09:40:28,8.14,S,300
09:40:28,8.14,S,600
09:40:28,8.14,S,100
09:40:28,8.14,B,100
09:40:28,8.15,B,900
09:40:28,8.15,B,1500
09:40:28,8.15,B,100
09:40:28,8.15,B,300
09:40:30,8.14,B,100
09:40:30,8.14,B,400
09:40:30,8.14,B,1000
09:40:30,8.14,B,600
09:40:32,8.14,B,400
09:40:32,8.14,B,500
09:40:32,8.14,B,1100
09:40:32,8.14,B,100
09:40:33,8.13,S,300
09:40:33,8.13,S,3000
09:40:33,8.13,S,1400
09:40:33,8.14,B,200
09:40:33,8.14,B,100
09:40:34,8.14,B,1000
09:40:34,8.14,B,800
09:40:34,8.15,B,4200
09:40:34,8.14,S,700
09:40:35,8.14,S,700
09:40:35,8.14,S,500
09:40:35,8.14,B,1000
09:40:35,8.14,B,1200
09:40:38,8.14,B,1000
09:40:38,8.14,B,1700
09:40:38,8.14,B,1900
09:40:38,8.14,B,1100
09:40:38,8.14,B,1100
09:40:38,8.14,B,1000
09:40:38,8.14,B,400
09:40:38,8.14,B,500
09:40:39,8.14,B,100
09:40:39,8.14,B,2000
09:40:39,8.14,B,1400
09:40:39,8.14,B,3600
09:40:39,8.15,B,1200
09:40:39,8.14,S,800
09:40:40,8.15,B,100
09:40:40,8.15,B,100
09:40:40,8.15,B,200
09:40:40,8.14,S,600
09:40:41,8.14,S,900
09:40:41,8.14,S,1900
09:40:41,8.15,B,500
09:40:41,8.15,B,300
09:40:41,8.15,B,500
09:40:42,8.15,B,500
09:40:43,8.14,S,13100
09:40:44,8.14,S,1000
09:40:44,8.14,S,3900
09:40:44,8.14,S,3000
09:40:45,8.14,S,3000
09:40:45,8.14,S,4000
09:40:45,8.14,S,9700
09:40:45,8.14,S,700
09:40:45,8.15,B,700
09:40:45,8.14,S,1000
09:40:45,8.14,S,300
09:40:45,8.14,S,500
09:40:45,8.14,S,200
09:40:46,8.14,S,100
09:40:46,8.14,S,100
09:40:46,8.14,S,300
09:40:47,8.14,S,100
09:40:47,8.14,S,200
09:40:47,8.14,S,100
09:40:47,8.14,S,100
09:40:47,8.14,S,1000
09:40:47,8.14,S,300
09:40:47,8.14,S,400
09:40:48,8.14,B,200
09:40:48,8.14,B,400
09:40:49,8.14,B,500
09:40:49,8.14,B,100
09:40:50,8.14,B,100
09:40:50,8.14,B,100
09:40:51,8.13,S,100
09:40:51,8.14,B,20000
09:40:51,8.14,B,6500
09:40:51,8.14,B,13700
09:40:51,8.14,B,6300
09:40:52,8.14,B,5000
09:40:52,8.14,B,2000
09:40:52,8.14,B,300
09:40:52,8.13,S,100
09:40:52,8.14,B,6400
09:40:52,8.14,B,100
09:40:53,8.14,B,2500
09:40:53,8.14,B,1000
09:40:53,8.14,S,3400
09:40:55,8.14,S,200
09:40:55,8.14,S,200
09:40:55,8.13,S,4000
09:40:56,8.13,S,500
09:40:56,8.14,B,300
09:40:56,8.14,B,2000
09:40:57,8.14,B,1000
09:40:58,8.14,B,400
09:40:58,8.14,B,2500
09:40:58,8.14,B,100
09:40:58,8.14,B,2900
09:40:59,8.14,B,500
09:40:59,8.14,B,1500
09:40:59,8.14,B,1400
09:40:59,8.13,S,10000
09:40:59,8.14,B,2900
09:40:59,8.13,S,500
09:41:00,8.14,B,200
09:41:00,8.14,B,700
09:41:00,8.14,B,400
09:41:00,8.13,S,1000
09:41:00,8.13,S,500
09:41:00,8.14,B,1000
09:41:00,8.13,S,1000
09:41:00,8.14,B,1000
09:41:00,8.14,B,600
09:41:00,8.14,B,100
09:41:01,8.14,S,5300
09:41:01,8.13,S,2700
09:41:02,8.14,S,1200
09:41:02,8.14,B,500
09:41:02,8.13,S,2000
09:41:02,8.13,S,4200
09:41:02,8.14,B,300
09:41:02,8.15,B,2600
09:41:04,8.14,S,200
09:41:04,8.14,S,1000
09:41:04,8.14,S,1800
09:41:04,8.14,S,6000
09:41:05,8.14,S,2200
09:41:05,8.14,S,800
09:41:05,8.14,S,200
09:41:05,8.14,S,500
09:41:05,8.14,S,1300
09:41:05,8.14,S,400
09:41:05,8.14,S,200
09:41:05,8.14,S,200
09:41:06,8.14,S,800
09:41:06,8.14,S,1000
09:41:06,8.14,S,200
09:41:06,8.15,B,10000
09:41:06,8.14,S,4600
09:41:07,8.15,B,1000
09:41:07,8.14,S,1200
09:41:07,8.14,S,200
09:41:07,8.13,S,100
09:41:07,8.13,S,100
09:41:07,8.14,B,1000
09:41:07,8.13,S,300
09:41:08,8.13,S,200
09:41:08,8.14,B,500
09:41:08,8.13,S,5700
09:41:08,8.14,B,2100
09:41:08,8.13,S,500
09:41:09,8.13,S,400
09:41:09,8.13,S,800
09:41:10,8.14,B,200
09:41:10,8.14,B,300
09:41:11,8.13,S,3300
09:41:11,8.14,B,500
09:41:11,8.15,B,500
09:41:11,8.13,S,2000
09:41:12,8.14,S,200
09:41:12,8.14,B,1400
09:41:12,8.14,B,2700
09:41:12,8.15,B,47700
09:41:13,8.15,B,2750
09:41:13,8.15,B,200
09:41:13,8.15,B,500
09:41:13,8.15,B,500
09:41:13,8.15,B,1050
09:41:13,8.15,B,100
09:41:13,8.13,S,3400
09:41:13,8.13,S,100
09:41:13,8.14,B,1000
09:41:13,8.14,B,10000
09:41:14,8.15,B,850
09:41:14,8.15,B,4100
09:41:14,8.15,B,500
09:41:14,8.15,B,100
09:41:14,8.15,B,1250
09:41:14,8.14,S,13000
09:41:15,8.14,S,300
09:41:15,8.15,B,2050
09:41:15,8.15,B,7800
09:41:15,8.15,B,7150
09:41:16,8.14,S,1000
09:41:16,8.14,S,4600
09:41:16,8.14,S,100
09:41:17,8.14,S,100
09:41:18,8.14,S,500
09:41:19,8.14,S,1000
09:41:19,8.15,B,700
09:41:19,8.14,S,7400
09:41:20,8.15,B,400
09:41:21,8.14,S,5000
09:41:21,8.14,S,90100
09:41:21,8.14,S,200
09:41:21,8.14,S,2000
09:41:21,8.14,S,100
09:41:21,8.14,S,800
09:41:21,8.14,S,400
09:41:21,8.14,S,10000
09:41:21,8.14,S,1100
09:41:21,8.14,S,200
09:41:21,8.14,S,1000
09:41:21,8.14,S,500
09:41:21,8.14,S,2600
09:41:21,8.13,S,5100
09:41:21,8.13,S,200
09:41:21,8.13,S,300
09:41:21,8.13,S,2000
09:41:21,8.13,S,400
09:41:21,8.13,S,600
09:41:21,8.13,S,500
09:41:21,8.13,S,1000
09:41:21,8.13,S,2000
09:41:21,8.13,S,3000
09:41:21,8.13,S,5000
09:41:21,8.13,S,400
09:41:21,8.13,S,500
09:41:21,8.13,S,2000
09:41:21,8.13,S,100
09:41:21,8.13,S,2000
09:41:21,8.13,S,10000
09:41:21,8.13,S,10000
09:41:21,8.13,S,500
09:41:21,8.13,S,2000
09:41:21,8.13,S,200
09:41:21,8.13,S,2000
09:41:21,8.13,S,8100
09:41:21,8.13,S,200
09:41:21,8.13,S,500
09:41:21,8.13,S,1000
09:41:21,8.13,S,3000
09:41:21,8.13,S,100
09:41:21,8.13,S,1000
09:41:21,8.13,S,1000
09:41:21,8.13,S,1600
09:41:21,8.13,S,5000
09:41:21,8.13,S,1000
09:41:21,8.13,S,100
09:41:21,8.13,S,600
09:41:21,8.13,S,3600
09:41:21,8.13,S,2500
09:41:21,8.13,S,3000
09:41:21,8.13,S,100
09:41:21,8.13,S,2400
09:41:21,8.13,S,1000
09:41:21,8.13,S,100
09:41:21,8.13,S,3000
09:41:21,8.13,S,500
09:41:21,8.13,S,600
09:41:21,8.13,S,400
09:41:21,8.13,S,300
09:41:21,8.13,S,100
09:41:21,8.13,S,500
09:41:21,8.13,S,1700
09:41:21,8.13,S,600
09:41:21,8.13,S,5000
09:41:21,8.13,S,4300
09:41:21,8.13,S,2400
09:41:21,8.13,S,500
09:41:21,8.13,S,10000
09:41:21,8.13,S,1600
09:41:21,8.13,S,800
09:41:21,8.13,S,120100
09:41:21,8.13,S,900
09:41:21,8.13,S,5000
09:41:21,8.13,S,5000
09:41:21,8.13,S,600
09:41:21,8.13,S,600
09:41:21,8.13,S,100
09:41:21,8.13,S,600
09:41:21,8.13,S,300
09:41:21,8.13,S,1200
09:41:21,8.13,S,600
09:41:21,8.13,S,10000
09:41:21,8.13,S,500
09:41:21,8.13,S,500
09:41:21,8.13,S,1500
09:41:21,8.13,S,100
09:41:21,8.13,S,200
09:41:21,8.13,S,2000
09:41:21,8.13,S,400
09:41:21,8.13,S,400
09:41:21,8.13,S,7700
09:41:21,8.13,S,4400
09:41:21,8.13,S,100
09:41:21,8.13,S,2000
09:41:21,8.13,S,300
09:41:21,8.13,S,300
09:41:21,8.13,S,50000
09:41:21,8.13,S,2000
09:41:21,8.13,S,100
09:41:21,8.13,S,5000
09:41:21,8.13,S,100
09:41:21,8.13,S,1000
09:41:21,8.13,S,1500
09:41:21,8.13,S,300
09:41:21,8.13,S,5000
09:41:21,8.13,S,2000
09:41:21,8.13,S,200
09:41:21,8.13,B,500
09:41:21,8.13,B,39900
09:41:21,8.13,B,1800
09:41:21,8.15,B,4750
09:41:21,8.15,B,10000
09:41:21,8.15,B,700
09:41:21,8.15,B,7600
09:41:21,8.15,B,2200
09:41:21,8.15,B,20000
09:41:21,8.15,B,2000
09:41:21,8.15,B,100
09:41:21,8.15,B,500
09:41:21,8.15,B,1800
09:41:21,8.15,B,2000
09:41:21,8.15,B,200
09:41:21,8.15,B,4000
09:41:21,8.15,B,10000
09:41:21,8.15,B,1700
09:41:21,8.15,B,1000
09:41:21,8.15,B,100
09:41:21,8.15,B,500
09:41:21,8.15,B,1700
09:41:21,8.15,B,3000
09:41:21,8.15,B,200
09:41:21,8.15,B,800
09:41:21,8.15,B,5000
09:41:21,8.15,B,400
09:41:21,8.15,B,2100
09:41:21,8.15,B,1000
09:41:21,8.15,B,7200
09:41:21,8.15,B,200
09:41:21,8.15,B,500
09:41:21,8.15,B,500
09:41:21,8.15,B,100
09:41:21,8.15,B,1600
09:41:21,8.15,B,1000
09:41:21,8.15,B,1000
09:41:21,8.15,B,50000
09:41:21,8.15,B,3100
09:41:21,8.15,B,1500
09:41:21,8.15,B,1000
09:41:22,8.15,S,13100
09:41:22,8.15,S,6500
09:41:22,8.15,S,1000
09:41:22,8.15,S,2500
09:41:22,8.15,S,900
09:41:23,8.15,S,100
09:41:23,8.15,S,2000
09:41:23,8.15,S,16000
09:41:23,8.15,S,2500
09:41:24,8.15,S,2300
09:41:25,8.15,S,500
09:41:26,8.15,S,4000
09:41:26,8.15,S,200
09:41:27,8.15,S,4400
09:41:27,8.15,S,4400
09:41:27,8.15,S,100
09:41:27,8.15,S,200
09:41:29,8.15,S,4500
09:41:30,8.15,S,1000
09:41:30,8.15,S,300
09:41:31,8.16,B,1000
09:41:31,8.16,B,1600
09:41:31,8.15,S,600
09:41:32,8.15,S,100
09:41:32,8.16,B,7500
09:41:32,8.16,B,2400
09:41:32,8.16,B,1400
09:41:32,8.16,B,500
09:41:32,8.16,B,1000
09:41:32,8.16,B,1500
09:41:32,8.16,B,500
09:41:32,8.16,B,1300
09:41:32,8.16,B,1400
09:41:32,8.16,B,500
09:41:32,8.16,B,4800
09:41:32,8.16,B,700
09:41:32,8.16,B,1600
09:41:32,8.15,S,2000
09:41:33,8.15,S,378050
09:41:33,8.15,S,1000
09:41:33,8.15,S,1300
09:41:33,8.15,S,5000
09:41:33,8.15,S,300
09:41:33,8.15,S,2000
09:41:33,8.15,S,300
09:41:33,8.14,S,300
09:41:33,8.14,S,5000
09:41:33,8.14,S,200
09:41:33,8.14,S,500
09:41:33,8.14,S,1000
09:41:33,8.14,S,600
09:41:33,8.14,S,1000
09:41:33,8.14,S,15000
09:41:33,8.14,S,7700
09:41:33,8.14,S,3100
09:41:33,8.14,S,400
09:41:33,8.14,S,600
09:41:33,8.14,S,5000
09:41:33,8.14,S,3000
09:41:33,8.14,S,3200
09:41:33,8.14,S,11200
09:41:35,8.13,S,500
09:41:35,8.14,B,20000
09:41:36,8.14,B,300
09:41:36,8.14,B,2000
09:41:37,8.14,B,10000
09:41:38,8.13,S,2200
09:41:38,8.13,S,600
09:41:38,8.13,S,900
09:41:38,8.13,S,700
09:41:38,8.14,B,2000
09:41:39,8.14,B,2000
09:41:39,8.14,B,1400
09:41:40,8.14,B,100
09:41:41,8.14,B,2000
09:41:41,8.14,B,12000
09:41:42,8.14,B,1000
09:41:42,8.14,B,100
09:41:42,8.14,B,800
09:41:42,8.14,B,550
09:41:42,8.14,B,1450
09:41:43,8.14,B,400
09:41:43,8.14,B,500
09:41:44,8.14,B,1650
09:41:44,8.14,B,100
09:41:44,8.14,B,500
09:41:44,8.15,B,150
09:41:44,8.15,B,1000
09:41:45,8.15,B,1300
09:41:45,8.15,B,1000
09:41:47,8.15,B,1000
09:41:47,8.15,B,100
09:41:47,8.15,B,50
09:41:47,8.15,B,250
09:41:49,8.14,S,800
09:41:50,8.14,S,200
09:41:50,8.14,S,100
09:41:50,8.14,S,1000
09:41:50,8.14,S,2000
09:41:50,8.14,S,1000
09:41:50,8.14,S,3600
09:41:50,8.15,B,250
09:41:50,8.15,B,750
09:41:51,8.14,S,100
09:41:51,8.14,S,200
09:41:51,8.14,S,100
09:41:52,8.15,B,950
09:41:52,8.15,B,1700
09:41:52,8.15,B,5000
09:41:52,8.15,B,4050
09:41:53,8.15,B,3900
09:41:54,8.14,S,1000
09:41:54,8.15,B,900
09:41:54,8.14,S,4000
09:41:54,8.14,S,110000
09:41:54,8.14,S,400
09:41:54,8.14,S,2000
09:41:54,8.14,S,3700
09:41:54,8.14,S,4000
09:41:54,8.14,S,10000
09:41:54,8.14,S,16800
09:41:54,8.14,S,1000
09:41:54,8.13,S,4000
09:41:54,8.13,S,5000
09:41:54,8.13,S,1000
09:41:54,8.13,S,2000
09:41:54,8.13,S,2400
09:41:54,8.13,S,500
09:41:54,8.13,S,1200
09:41:54,8.13,S,2000
09:41:54,8.13,S,1100
09:41:54,8.13,S,1500
09:41:54,8.13,S,300
09:41:54,8.13,S,1700
09:41:54,8.13,S,4100
09:41:54,8.13,S,500
09:41:54,8.13,S,300
09:41:54,8.13,S,1300
09:41:54,8.13,S,300
09:41:54,8.13,S,900
09:41:54,8.13,S,1000
09:41:54,8.13,S,1000
09:41:54,8.13,S,10000
09:41:54,8.13,S,200
09:41:54,8.13,S,1000
09:41:54,8.13,S,2500
09:41:54,8.13,S,2000
09:41:54,8.13,S,1000
09:41:54,8.12,S,1000
09:41:54,8.12,S,1000
09:41:54,8.12,S,1000
09:41:54,8.12,S,296300
09:41:57,8.15,B,1550
09:41:57,8.15,B,3400
09:41:57,8.15,B,1000
09:41:57,8.15,B,400
09:41:57,8.15,B,250
09:41:57,8.15,B,250
09:41:57,8.15,B,450
09:41:57,8.15,B,450
09:41:57,8.15,B,2000
09:41:57,8.15,B,550
09:41:59,8.14,S,200
09:41:59,8.14,S,800
09:41:59,8.14,S,100
09:41:59,8.14,S,400
09:41:59,8.14,S,300
09:41:59,8.14,S,1000
09:41:59,8.14,S,2000
09:41:59,8.14,S,10000
09:42:00,8.15,B,150
09:42:00,8.15,B,800
09:42:00,8.15,B,1000
09:42:00,8.15,B,650
09:42:00,8.15,B,900
09:42:00,8.14,S,2000
09:42:00,8.14,S,4100
09:42:02,8.14,S,500
09:42:02,8.14,S,33400
09:42:02,8.14,S,400
09:42:02,8.14,S,4000
09:42:02,8.14,S,1000
09:42:02,8.14,S,3100
09:42:02,8.14,S,100
09:42:02,8.14,S,200
09:42:02,8.13,S,2000
09:42:02,8.13,S,1300
09:42:02,8.13,S,1000
09:42:02,8.13,S,1000
09:42:02,8.13,S,1000
09:42:02,8.13,S,3300
09:42:02,8.13,S,8200
09:42:03,8.14,B,300
09:42:04,8.14,S,2700
09:42:04,8.14,S,300
09:42:04,8.14,S,2400
09:42:04,8.13,S,1800
09:42:04,8.13,S,3200
09:42:04,8.13,S,1500
09:42:04,8.13,S,4000
09:42:04,8.13,S,9100
09:42:05,8.14,S,500
09:42:05,8.14,S,100
09:42:06,8.14,B,900
09:42:06,8.14,B,9500
09:42:06,8.14,B,1200
09:42:06,8.14,B,200
09:42:08,8.15,B,100
09:42:08,8.14,S,100
09:42:08,8.14,S,300
09:42:08,8.15,B,2000
09:42:08,8.15,B,16350
09:42:08,8.15,B,1800
09:42:08,8.15,B,9000
09:42:08,8.15,B,600
09:42:08,8.15,B,1700
09:42:08,8.15,B,1000
09:42:08,8.15,B,200
09:42:08,8.15,B,4400
09:42:08,8.15,B,14950
09:42:08,8.15,B,500
09:42:09,8.15,B,1950
09:42:09,8.15,B,2150
09:42:09,8.15,B,1000
09:42:10,8.14,S,200
09:42:10,8.14,S,5500
09:42:11,8.15,B,100
09:42:11,8.14,S,5700
09:42:11,8.14,S,4300
09:42:11,8.15,B,200
09:42:11,8.14,S,3200
09:42:12,8.14,S,1000
09:42:12,8.14,S,200
09:42:12,8.15,B,1500
09:42:13,8.14,S,500
09:42:13,8.14,S,200
09:42:13,8.15,B,5050
09:42:13,8.15,B,4950
09:42:14,8.15,B,2050
09:42:14,8.15,B,8100
09:42:14,8.15,B,500
09:42:14,8.15,B,700
09:42:14,8.15,B,900
09:42:16,8.15,S,10750
09:42:16,8.15,S,600
09:42:16,8.15,S,300
09:42:16,8.14,S,700
09:42:17,8.14,S,5700
09:42:17,8.14,S,900
09:42:18,8.15,B,100
09:42:19,8.15,B,8250
09:42:19,8.15,S,700
09:42:19,8.15,S,1200
09:42:19,8.16,B,2000
09:42:20,8.15,S,750
09:42:20,8.14,S,5600
09:42:20,8.14,S,900
09:42:20,8.14,S,750
09:42:20,8.14,S,100
09:42:20,8.15,S,500
09:42:20,8.15,S,9500
09:42:20,8.14,S,1150
09:42:20,8.14,S,200
09:42:20,8.14,S,400
09:42:20,8.14,S,750
09:42:20,8.14,S,300
09:42:21,8.14,S,1400
09:42:21,8.15,S,3500
09:42:21,8.15,S,2600
09:42:22,8.15,S,3900
09:42:22,8.15,S,100
09:42:23,8.15,S,700
09:42:23,8.15,S,10000
09:42:23,8.15,S,100
09:42:24,8.15,S,3200
09:42:24,8.15,S,300
09:42:24,8.15,S,2300
09:42:24,8.14,S,200
09:42:24,8.14,S,10000
09:42:25,8.14,S,3500
09:42:26,8.15,S,100
09:42:26,8.15,B,800
09:42:26,8.16,B,1400
09:42:26,8.16,B,2800
09:42:26,8.16,B,1500
09:42:27,8.14,S,100
09:42:28,8.15,S,1000
09:42:28,8.15,S,800
09:42:28,8.14,S,4150
09:42:28,8.14,S,600
09:42:28,8.14,S,2000
09:42:28,8.14,S,1450
09:42:28,8.14,S,550
09:42:28,8.14,S,100
09:42:28,8.14,S,350
09:42:29,8.16,B,300
09:42:30,8.15,S,3000
09:42:30,8.16,B,400
09:42:30,8.16,B,100
09:42:30,8.15,S,6600
09:42:30,8.14,S,2600
09:42:31,8.14,S,1000
09:42:31,8.14,S,600
09:42:31,8.14,S,5450
09:42:31,8.14,S,4550
09:42:31,8.15,B,1000
09:42:31,8.15,B,1000
09:42:31,8.15,B,1000
09:42:32,8.14,S,2000
09:42:33,8.14,S,4300
09:42:33,8.15,B,400
09:42:33,8.15,B,700
09:42:34,8.14,S,1000
09:42:35,8.15,B,1600
09:42:35,8.15,B,2500
09:42:35,8.16,B,2100
09:42:36,8.15,S,300
09:42:36,8.15,B,1000
09:42:37,8.15,B,2000
09:42:37,8.15,B,400
09:42:37,8.14,S,2000
09:42:38,8.14,S,20000
09:42:38,8.15,B,200
09:42:39,8.15,B,200
09:42:39,8.15,B,2000
09:42:41,8.14,S,5700
09:42:41,8.15,B,3900
09:42:41,8.15,B,2300
09:42:42,8.14,S,200
09:42:42,8.15,B,2700
09:42:42,8.15,B,200
09:42:42,8.15,B,2800
09:42:42,8.15,B,200
09:42:42,8.15,B,800
09:42:43,8.15,B,700
09:42:43,8.15,B,6700
09:42:43,8.15,B,1000
09:42:43,8.15,B,600
09:42:43,8.15,B,500
09:42:43,8.15,S,100
09:42:43,8.16,B,3100
09:42:44,8.16,B,1200
09:42:44,8.15,S,4500
09:42:44,8.16,B,500
09:42:44,8.15,S,4400
09:42:44,8.16,B,200
09:42:45,8.16,B,300
09:42:46,8.15,S,300
09:42:46,8.15,S,1000
09:42:46,8.15,S,100
09:42:47,8.15,S,400
