Time,Price,BuySell,Volume
09:25:04,14.55,B,500
09:25:04,14.55,B,12500
09:25:04,14.55,S,500
09:25:04,14.55,S,300
09:25:04,14.55,S,2500
09:25:04,14.55,S,403
09:25:04,14.55,S,4797
09:25:04,14.55,S,15203
09:25:04,14.55,B,4797
09:25:04,14.55,S,3203
09:25:04,14.55,S,1100
09:25:04,14.55,S,2400
09:25:04,14.55,S,1300
09:25:04,14.55,S,1100
09:25:04,14.55,S,600
09:25:04,14.55,S,1100
09:25:04,14.55,S,8800
09:25:04,14.55,S,7000
09:25:04,14.55,S,2200
09:25:04,14.55,S,2600
09:25:04,14.55,S,600
09:25:04,14.55,S,187997
09:25:04,14.55,S,3000
09:25:04,14.55,S,1500
09:25:04,14.55,S,2000
09:25:04,14.55,B,100
09:25:04,14.55,B,2000
09:25:04,14.55,S,5000
09:25:04,14.55,S,18403
09:25:04,14.55,S,2200
09:25:04,14.55,S,2200
09:25:04,14.55,S,2200
09:25:04,14.55,B,1300
09:25:04,14.55,B,2000
09:25:04,14.55,B,1200
09:25:04,14.55,B,2897
09:25:04,14.55,B,1900
09:25:04,14.55,B,500
09:25:04,14.55,B,2000
09:25:04,14.55,B,6200
09:25:04,14.55,S,1503
09:25:04,14.55,S,300
09:25:04,14.55,S,500
09:25:04,14.55,S,2397
09:25:04,14.55,S,303
09:25:04,14.55,S,5000
09:25:04,14.55,S,3697
09:25:04,14.55,S,6800
09:25:04,14.55,S,200
09:25:04,14.55,S,500
09:25:04,14.55,S,3000
09:25:04,14.55,S,1000
09:25:04,14.55,S,300
09:25:04,14.55,S,400
09:25:04,14.55,S,103
09:25:04,14.55,S,397
09:25:04,14.55,S,1300
09:25:04,14.55,S,300
09:25:04,14.55,S,1700
09:25:04,14.55,S,200
09:25:04,14.55,S,300
09:25:04,14.55,S,20000
09:25:04,14.55,S,803
09:25:04,14.55,B,1197
09:25:04,14.55,B,2000
09:25:04,14.55,B,500
09:25:04,14.55,B,100
09:25:04,14.55,B,1000
09:25:04,14.55,B,100
09:25:04,14.55,B,200
09:25:04,14.55,B,1000
09:25:04,14.55,B,300
09:25:04,14.55,B,200
09:25:04,14.55,B,100
09:25:04,14.55,B,1000
09:25:04,14.55,B,200
09:25:04,14.55,B,1000
09:25:04,14.55,B,100
09:25:04,14.55,B,300
09:25:04,14.55,B,1000
09:25:04,14.55,B,1000
09:25:04,14.55,B,2403
09:25:04,14.55,B,100
09:25:04,14.55,B,910
09:25:04,14.55,B,1000
09:25:04,14.55,B,5587
09:25:04,14.55,B,1500
09:25:04,14.55,B,2703
09:25:04,14.55,B,697
09:25:04,14.55,B,1303
09:25:04,14.55,B,300
09:25:04,14.55,B,200
09:25:04,14.55,B,390
09:25:04,14.55,B,1000
09:25:04,14.55,B,200
09:25:04,14.55,B,3100
09:25:04,14.55,B,100
09:25:04,14.55,B,100
09:25:04,14.55,B,3307
09:25:04,14.55,B,200
09:25:04,14.55,B,600
09:25:04,14.55,B,2000
09:25:04,14.55,B,7000
09:25:04,14.55,B,2000
09:25:04,14.55,B,1000
09:25:04,14.55,B,1500
09:25:04,14.55,B,200
09:25:04,14.55,S,100
09:25:04,14.55,B,3900
09:25:04,14.55,B,20000
09:25:04,14.55,B,2500
09:25:04,14.55,B,5693
09:25:04,14.55,B,14307
09:25:04,14.55,B,6193
09:25:04,14.55,B,200
09:25:04,14.55,B,100
09:25:04,14.55,B,1500
09:25:04,14.55,B,2007
09:25:04,14.55,S,500
09:25:04,14.55,S,500
09:25:04,14.55,S,300
09:25:04,14.55,S,100
09:25:04,14.55,S,593
09:25:04,14.55,S,7
09:25:04,14.55,S,100
09:25:04,14.55,S,500
09:25:04,14.55,S,200
09:25:04,14.55,S,1000
09:25:04,14.55,S,2000
09:25:04,14.55,B,1000
09:25:04,14.55,B,5000
09:25:04,14.55,B,300
09:25:04,14.55,B,300
09:25:04,14.55,B,10000
09:25:04,14.55,B,20000
09:25:04,14.55,B,10000
09:25:04,14.55,B,6000
09:25:04,14.55,B,1000
09:25:04,14.55,B,1000
09:25:04,14.55,S,400
09:25:04,14.55,S,200
09:25:04,14.55,S,1000
09:25:04,14.55,S,900
09:25:04,14.55,S,93
09:25:04,14.55,S,1207
09:25:04,14.55,S,200
09:25:04,14.55,S,500
09:25:04,14.55,S,600
09:25:04,14.55,S,500
09:25:04,14.55,S,93
09:25:04,14.55,S,907
09:25:04,14.55,S,100
09:25:04,14.55,S,993
09:25:04,14.55,S,7
09:25:04,14.55,S,500
09:25:04,14.55,S,1200
09:25:04,14.55,S,200
09:25:04,14.55,S,8093
09:25:04,14.55,S,100
09:25:04,14.55,S,1000
09:25:04,14.55,S,400
09:25:04,14.55,S,200
09:25:04,14.55,S,200
09:25:04,14.55,S,4600
09:25:04,14.55,S,1000
09:25:04,14.55,S,1300
09:25:04,14.55,S,1000
09:25:04,14.55,S,200
09:25:04,14.55,S,1207
09:25:04,14.55,S,1000
09:25:04,14.55,S,500
09:25:04,14.55,S,500
09:25:04,14.55,S,100
09:25:04,14.55,S,300
09:25:04,14.55,S,10000
09:25:04,14.55,S,10000
09:25:04,14.55,S,500
09:25:04,14.55,S,1000
09:25:04,14.55,S,700
09:25:04,14.55,S,800
09:25:04,14.55,S,1000
09:25:04,14.55,S,500
09:25:04,14.55,B,15900
09:25:04,14.55,B,1800
09:30:00,14.55,B,300
09:30:01,14.55,B,5000
09:30:01,14.54,S,1000
09:30:01,14.54,S,700
09:30:01,14.54,S,23300
09:30:02,14.54,S,800
09:30:02,14.54,S,10000
09:30:02,14.55,B,1000
09:30:02,14.55,B,100
09:30:02,14.54,S,9000
09:30:02,14.55,B,2000
09:30:02,14.55,B,300
09:30:02,14.55,B,300
09:30:02,14.55,B,200
09:30:02,14.54,S,1000
09:30:02,14.55,B,40000
09:30:02,14.55,B,200
09:30:02,14.55,B,2000
09:30:02,14.55,B,2000
09:30:02,14.54,S,5900
09:30:02,14.54,S,1000
09:30:02,14.53,S,1000
09:30:02,14.53,S,2000
09:30:02,14.53,S,3500
09:30:02,14.53,S,10400
09:30:02,14.54,B,2000
09:30:02,14.54,B,1000
09:30:02,14.54,B,1000
09:30:02,14.54,B,1300
09:30:02,14.54,B,200
09:30:02,14.54,B,500
09:30:02,14.54,B,500
09:30:02,14.54,B,1500
09:30:02,14.53,S,6000
09:30:02,14.54,B,70000
09:30:02,14.54,B,300
09:30:02,14.54,B,1000
09:30:02,14.54,B,200
09:30:02,14.54,B,1000
09:30:02,14.54,B,2800
09:30:02,14.54,B,2000
09:30:02,14.54,B,5000
09:30:02,14.54,B,4200
09:30:03,14.54,B,1000
09:30:03,14.54,B,3100
09:30:03,14.54,B,200
09:30:03,14.54,B,2000
09:30:03,14.54,B,2700
09:30:03,14.54,B,300
09:30:03,14.54,B,500
09:30:03,14.54,B,1000
09:30:03,14.54,B,1500
09:30:03,14.53,S,59
09:30:03,14.54,B,1200
09:30:03,14.54,B,500
09:30:03,14.53,S,3400
09:30:03,14.53,S,4700
09:30:03,14.54,B,200
09:30:04,14.54,B,400
09:30:04,14.54,B,13700
09:30:04,14.54,B,1000
09:30:04,14.54,B,2000
09:30:04,14.54,B,1000
09:30:04,14.53,S,300
09:30:04,14.54,B,100
09:30:04,14.54,B,100000
09:30:04,14.53,S,13600
09:30:04,14.54,B,1000
09:30:04,14.53,S,300
09:30:04,14.54,B,2000
09:30:04,14.53,S,300
09:30:04,14.54,B,300
09:30:04,14.54,B,1000
09:30:04,14.54,B,300
09:30:04,14.54,B,1000
09:30:05,14.54,B,900
09:30:05,14.54,B,200
09:30:05,14.54,B,1000
09:30:05,14.54,B,500
09:30:05,14.54,B,100
09:30:05,14.54,B,1000
09:30:05,14.54,B,800
09:30:05,14.54,B,20000
09:30:05,14.54,B,300
09:30:05,14.54,B,3000
09:30:05,14.54,B,200
09:30:05,14.54,B,1000
09:30:06,14.54,B,800
09:30:06,14.54,B,100
09:30:06,14.54,B,2000
09:30:06,14.53,S,2900
09:30:06,14.54,B,400
09:30:06,14.54,B,2600
09:30:06,14.53,S,500
09:30:06,14.54,B,1000
09:30:06,14.54,B,100000
09:30:06,14.54,B,800
09:30:06,14.54,B,300
09:30:06,14.54,B,1000
09:30:06,14.54,B,2000
09:30:07,14.54,B,3000
09:30:07,14.54,B,3000
09:30:07,14.54,B,900
09:30:07,14.54,B,400
09:30:07,14.54,B,1000
09:30:07,14.54,B,400
09:30:07,14.54,B,300
09:30:07,14.54,B,1000
09:30:08,14.54,B,600
09:30:08,14.54,B,1000
09:30:08,14.54,B,1000
09:30:08,14.54,B,100
09:30:08,14.54,B,100
09:30:08,14.53,S,1800
09:30:08,14.54,B,1000
09:30:08,14.54,B,60000
09:30:08,14.54,B,4000
09:30:09,14.54,B,500
09:30:09,14.54,B,900
09:30:09,14.54,B,3000
09:30:09,14.54,B,7000
09:30:10,14.54,B,1000
09:30:10,14.54,B,900
09:30:10,14.53,S,3000
09:30:10,14.54,B,1000
09:30:10,14.54,B,3500
09:30:10,14.54,B,3400
09:30:10,14.54,B,500
09:30:10,14.54,B,1000
09:30:10,14.54,B,4000
09:30:11,14.54,B,400
09:30:11,14.54,B,10000
09:30:11,14.54,B,1000
09:30:11,14.54,B,20000
09:30:12,14.54,B,2000
09:30:12,14.54,B,5000
09:30:12,14.54,B,6000
09:30:12,14.54,B,200
09:30:13,14.54,B,200
09:30:13,14.54,B,500
09:30:13,14.54,B,500
09:30:13,14.54,B,500
09:30:14,14.54,B,100
09:30:14,14.54,B,5000
09:30:15,14.54,B,1900
09:30:15,14.54,B,100
09:30:16,14.54,B,1000
09:30:16,14.54,B,1500
09:30:16,14.54,B,100
09:30:17,14.54,B,300
09:30:18,14.54,B,500
09:30:19,14.53,S,2741
09:30:19,14.53,S,2659
09:30:19,14.54,B,600
09:30:20,14.54,B,14300
09:30:20,14.54,B,400
09:30:20,14.54,B,10000
09:30:20,14.54,B,5300
09:30:20,14.53,S,700
09:30:20,14.54,B,100
09:30:20,14.54,B,400
09:30:21,14.54,B,2000
09:30:21,14.54,B,1200
09:30:21,14.54,B,1000
09:30:21,14.54,B,2800
09:30:23,14.53,S,400
09:30:25,14.53,S,4700
09:30:27,14.54,B,1700
09:30:27,14.54,B,500
09:30:27,14.54,B,200
09:30:29,14.54,B,500
09:30:30,14.54,B,4300
09:30:30,14.54,B,15700
09:30:30,14.54,B,4300
09:30:30,14.54,B,700
09:30:31,14.54,B,2000
09:30:32,14.54,B,2000
09:30:32,14.54,B,3100
09:30:33,14.54,B,200
09:30:33,14.54,B,1800
09:30:33,14.54,B,100
09:30:33,14.54,B,100
09:30:33,14.54,B,7800
09:30:33,14.53,S,100
09:30:34,14.54,B,500
09:30:35,14.53,S,1500
09:30:36,14.53,S,1000
09:30:36,14.54,B,500
09:30:37,14.53,S,500
09:30:39,14.54,B,600
09:30:39,14.54,B,3400
09:30:39,14.54,B,3600
09:30:39,14.54,B,100
09:30:39,14.54,B,4600
09:30:39,14.54,B,1000
09:30:40,14.54,B,1000
09:30:40,14.53,S,1000
09:30:41,14.53,S,500
09:30:41,14.54,B,1000
09:30:41,14.53,S,3700
09:30:41,14.53,S,300
09:30:42,14.54,B,1400
09:30:42,14.54,B,400
09:30:42,14.54,B,1000
09:30:42,14.53,S,4800
09:30:43,14.53,S,400
09:30:44,14.54,B,1500
09:30:44,14.53,S,6000
09:30:44,14.53,S,5000
09:30:44,14.53,S,5000
09:30:44,14.53,S,1000
09:30:44,14.53,S,200
09:30:45,14.54,B,100
09:30:45,14.54,B,1100
09:30:46,14.54,B,1000
09:30:46,14.54,B,3700
09:30:46,14.53,S,600
09:30:46,14.53,S,1900
09:30:47,14.54,B,1200
09:30:47,14.54,B,900
09:30:47,14.54,B,2100
09:30:47,14.54,B,100
09:30:47,14.54,B,2000
09:30:47,14.54,B,500
09:30:47,14.54,B,300
09:30:47,14.54,B,200
09:30:48,14.53,S,1000
09:30:49,14.54,B,400
09:30:49,14.54,B,600
09:30:49,14.54,B,4400
09:30:49,14.54,B,700
09:30:49,14.54,B,1000
09:30:49,14.54,B,700
09:30:49,14.54,B,100
09:30:49,14.54,B,1000
09:30:49,14.54,B,2100
09:30:49,14.54,B,1200
09:30:49,14.54,B,3200
09:30:49,14.54,B,800
09:30:49,14.54,B,300
09:30:49,14.54,B,200
09:30:51,14.53,S,1300
09:30:51,14.54,B,4200
09:30:51,14.54,B,100
09:30:51,14.54,B,300
09:30:51,14.54,B,300
09:30:51,14.54,B,900
09:30:52,14.53,S,600
09:30:52,14.53,S,600
09:30:52,14.54,B,100
09:30:52,14.54,B,800
09:30:52,14.54,B,100
09:30:52,14.54,B,100
09:30:52,14.54,B,600
09:30:52,14.54,B,3400
09:30:52,14.54,B,1600
09:30:52,14.54,B,1600
09:30:53,14.54,B,800
09:30:53,14.54,B,1000
09:30:53,14.54,B,600
09:30:53,14.54,B,19400
09:30:53,14.54,B,200
09:30:53,14.54,B,2500
09:30:53,14.54,B,200
09:30:53,14.54,B,300
09:30:54,14.54,S,600
09:30:54,14.54,S,650
09:30:54,14.54,S,400
09:30:55,14.54,S,1800
09:30:55,14.54,S,500
09:30:57,14.54,S,3450
09:30:57,14.54,S,8150
09:30:57,14.55,B,800
09:30:57,14.55,B,4200
09:30:58,14.54,S,1000
09:30:59,14.54,S,850
09:30:59,14.54,S,50
09:30:59,14.54,S,600
09:30:59,14.54,S,300
09:30:59,14.55,B,5900
09:30:59,14.55,B,8600
09:30:59,14.55,B,10000
09:30:59,14.55,B,400
09:30:59,14.55,B,5000
09:30:59,14.55,B,10000
09:30:59,14.55,B,2000
09:30:59,14.55,B,5300
09:30:59,14.55,B,1700
09:30:59,14.55,B,1100
09:31:00,14.55,B,800
09:31:01,14.54,S,500
09:31:01,14.55,B,1100
09:31:01,14.55,B,9600
09:31:02,14.54,S,400
09:31:02,14.54,S,800
09:31:02,14.55,B,3000
09:31:04,14.54,S,1350
09:31:04,14.54,S,1000
09:31:04,14.54,S,650
09:31:05,14.54,S,450
09:31:05,14.54,S,1250
09:31:05,14.54,S,6950
09:31:05,14.54,S,3550
09:31:05,14.54,S,6450
09:31:05,14.54,S,2000
09:31:05,14.54,S,500
09:31:05,14.54,S,3050
09:31:05,14.54,S,300
09:31:05,14.54,S,1500
09:31:05,14.54,S,800
09:31:06,14.55,B,1800
09:31:06,14.54,S,2200
09:31:07,14.54,S,300
09:31:07,14.55,B,100
09:31:07,14.55,B,85500
09:31:07,14.55,B,3600
09:31:07,14.55,B,1700
09:31:07,14.55,B,1500
09:31:07,14.55,B,1900
09:31:07,14.55,B,7000
09:31:07,14.55,B,5000
09:31:11,14.55,S,50900
09:31:13,14.55,S,4700
09:31:13,14.56,B,100
09:31:15,14.55,S,3000
09:31:15,14.55,S,500
09:31:15,14.55,S,700
09:31:16,14.55,S,1000
09:31:16,14.56,S,300
09:31:16,14.56,S,700
09:31:17,14.55,S,500
09:31:18,14.56,B,700
09:31:19,14.55,S,3500
09:31:20,14.55,S,3100
09:31:20,14.55,S,4700
09:31:20,14.56,B,600
09:31:20,14.57,B,300
09:31:20,14.57,B,1100
09:31:20,14.55,S,100
09:31:22,14.55,S,4400
09:31:23,14.55,S,16700
09:31:23,14.55,S,10000
09:31:24,14.55,S,90000
09:31:24,14.55,S,300
09:31:24,14.55,S,500
09:31:24,14.55,S,1000
09:31:24,14.55,S,2800
09:31:24,14.55,S,1000
09:31:24,14.55,S,300
09:31:24,14.55,S,1000
09:31:24,14.55,S,200
09:31:24,14.55,B,1000
09:31:24,14.55,B,2000
09:31:25,14.55,B,400
09:31:25,14.54,S,500
09:31:26,14.55,B,800
09:31:26,14.55,B,1100
09:31:26,14.54,S,4200
09:31:26,14.55,B,300
09:31:27,14.55,B,200
09:31:27,14.55,B,500
09:31:28,14.55,B,2000
09:31:28,14.55,B,3100
09:31:28,14.55,B,300
09:31:28,14.55,B,1000
09:31:29,14.55,B,100
09:31:29,14.54,S,5250
09:31:29,14.54,S,1000
09:31:29,14.54,S,600
09:31:29,14.54,S,300
09:31:29,14.54,S,300
09:31:29,14.54,S,800
09:31:29,14.54,S,550
09:31:29,14.55,B,1000
09:31:29,14.55,B,6200
09:31:29,14.55,B,30000
09:31:29,14.55,B,10500
09:31:29,14.55,B,200
09:31:30,14.55,B,1600
09:31:30,14.55,B,1000
09:31:30,14.54,S,450
09:31:30,14.54,S,700
09:31:30,14.54,S,2000
09:31:30,14.54,S,350
09:31:30,14.55,B,200
09:31:30,14.55,B,3000
09:31:30,14.55,B,600
09:31:30,14.55,B,500
09:31:31,14.55,B,100
09:31:31,14.55,B,1100
09:31:31,14.55,B,1000
09:31:32,14.55,B,2900
09:31:32,14.55,B,30000
09:31:32,14.55,B,3100
09:31:32,14.55,B,500
09:31:32,14.55,B,2900
09:31:33,14.55,B,3100
09:31:33,14.55,B,1000
09:31:33,14.55,B,700
09:31:36,14.55,B,700
09:31:37,14.54,S,650
09:31:37,14.54,S,100
09:31:37,14.54,S,500
09:31:37,14.54,S,5000
09:31:37,14.54,S,200
09:31:37,14.54,S,500
09:31:37,14.54,S,1000
09:31:37,14.54,S,300
09:31:37,14.54,S,600
09:31:37,14.54,S,300
09:31:37,14.54,S,850
09:31:38,14.55,B,600
09:31:38,14.55,B,3000
09:31:40,14.55,B,1000
09:31:41,14.54,S,1700
09:31:41,14.55,B,4000
09:31:41,14.55,B,1000
09:31:41,14.55,B,1000
09:31:41,14.55,B,2000
09:31:41,14.55,B,100
09:31:42,14.55,B,200
09:31:42,14.55,B,500
09:31:42,14.55,B,1700
09:31:43,14.55,B,500
09:31:43,14.55,B,1000
09:31:43,14.54,S,950
09:31:43,14.54,S,200
09:31:43,14.54,S,100
09:31:43,14.54,S,1000
09:31:43,14.54,S,450
09:31:43,14.55,B,500
09:31:44,14.55,B,2000
09:31:45,14.55,B,5000
09:31:45,14.55,B,700
09:31:46,14.55,B,300
09:31:46,14.55,B,1000
09:31:46,14.55,B,500
09:31:46,14.54,S,550
09:31:46,14.54,S,300
09:31:46,14.54,S,100
09:31:46,14.54,S,3450
09:31:47,14.55,B,100
09:31:47,14.55,B,1000
09:31:47,14.55,B,200
09:31:47,14.55,B,1000
09:31:47,14.54,S,200
09:31:48,14.55,B,3000
09:31:48,14.55,B,1000
09:31:48,14.55,B,1000
09:31:49,14.55,B,400
09:31:49,14.55,B,300
09:31:50,14.54,S,1000
09:31:50,14.54,S,250
09:31:50,14.54,S,350
09:31:50,14.54,S,100
09:31:51,14.54,S,1500
09:31:52,14.54,S,1700
09:31:52,14.54,S,1350
09:31:52,14.54,S,5000
09:31:52,14.54,S,700
09:31:52,14.54,S,1600
09:31:52,14.54,S,1000
09:31:52,14.54,S,600
09:31:52,14.54,S,1000
09:31:52,14.54,S,1000
09:31:52,14.54,S,1000
09:31:52,14.54,S,1400
09:31:52,14.54,S,500
09:31:52,14.54,S,1000
09:31:52,14.54,S,300
09:31:52,14.54,S,200
09:31:52,14.54,S,1000
09:31:52,14.54,S,600
09:31:52,14.54,S,400
09:31:52,14.54,S,400
09:31:52,14.54,S,1400
09:31:52,14.54,S,700
09:31:52,14.54,S,5000
09:31:52,14.54,S,200
09:31:52,14.54,S,3650
09:31:53,14.55,B,200
09:31:53,14.55,B,1500
09:31:53,14.54,S,1350
09:31:53,14.54,S,200
09:31:53,14.54,S,2000
09:31:53,14.54,S,1000
09:31:53,14.54,S,2450
09:31:54,14.55,B,3000
09:31:54,14.55,B,100
09:31:54,14.54,S,550
09:31:54,14.54,S,400
09:31:54,14.54,S,3450
09:31:54,14.54,S,1550
09:31:54,14.54,S,1100
09:31:54,14.54,S,2000
09:31:54,14.54,S,350
09:31:55,14.54,S,1700
09:31:55,14.55,B,300
09:31:55,14.55,B,2000
09:31:55,14.55,B,1000
09:31:55,14.54,S,1100
09:31:56,14.55,B,102800
09:31:56,14.54,S,1700
09:31:56,14.54,S,2000
09:31:57,14.54,S,100
09:31:58,14.55,B,1000
09:31:58,14.54,S,9700
09:31:58,14.55,B,2000
09:32:00,14.54,S,1000
09:32:00,14.55,B,1000
09:32:00,14.54,S,100
09:32:00,14.54,S,3350
09:32:00,14.54,S,2000
09:32:00,14.54,S,500
09:32:00,14.54,S,1000
09:32:00,14.54,S,500
09:32:00,14.54,S,800
09:32:00,14.53,S,15650
09:32:00,14.53,S,2600
09:32:01,14.53,S,2400
09:32:02,14.55,B,3100
09:32:02,14.55,B,1000
09:32:02,14.55,B,500
09:32:03,14.55,B,3400
09:32:04,14.55,B,200
09:32:05,14.55,B,300
09:32:05,14.54,S,100
09:32:05,14.54,S,200
09:32:05,14.55,B,800
09:32:05,14.55,B,2400
09:32:06,14.55,B,1000
09:32:06,14.54,S,100
09:32:06,14.54,S,100
09:32:06,14.54,B,200
09:32:06,14.54,B,2600
09:32:06,14.54,B,100
09:32:06,14.55,B,2100
09:32:07,14.53,S,3500
09:32:08,14.54,B,800
09:32:08,14.54,B,1500
09:32:08,14.54,B,1000
09:32:08,14.54,B,2400
09:32:08,14.54,B,100
09:32:08,14.54,S,1200
09:32:09,14.54,S,1800
09:32:09,14.54,S,700
09:32:09,14.54,B,1900
09:32:09,14.55,B,6200
09:32:10,14.55,B,600
09:32:11,14.53,S,391
09:32:11,14.53,S,200
09:32:11,14.53,S,2809
09:32:11,14.54,B,300
09:32:11,14.54,B,200
09:32:11,14.54,B,200
09:32:11,14.54,B,200
09:32:12,14.54,S,800
09:32:12,14.53,S,191
09:32:12,14.53,S,900
09:32:12,14.53,S,500
09:32:12,14.53,S,200
09:32:12,14.53,S,1000
09:32:12,14.53,S,500
09:32:12,14.53,S,500
09:32:12,14.53,S,500
09:32:12,14.53,S,9
09:32:12,14.55,B,7100
09:32:12,14.54,S,300
09:32:13,14.54,S,500
09:32:14,14.55,B,400
09:32:15,14.55,B,500
09:32:15,14.54,S,1700
09:32:15,14.55,B,100
09:32:15,14.55,B,9793
09:32:15,14.55,B,500
09:32:15,14.55,B,700
09:32:15,14.55,B,100
09:32:15,14.55,B,4000
09:32:15,14.55,B,4500
09:32:15,14.55,B,2000
09:32:15,14.55,B,500
09:32:15,14.55,B,700
09:32:15,14.55,B,2500
09:32:15,14.55,B,4000
09:32:15,14.55,B,7007
09:32:15,14.55,B,1000
09:32:17,14.55,B,500
09:32:17,14.54,S,2000
09:32:17,14.54,S,3000
09:32:17,14.54,S,1000
09:32:17,14.54,S,100
09:32:18,14.54,B,16700
09:32:18,14.55,B,100
09:32:19,14.54,B,1700
09:32:19,14.55,B,300
09:32:19,14.55,B,1893
09:32:19,14.55,B,107
09:32:19,14.55,B,2000
09:32:20,14.54,S,400
09:32:20,14.53,S,900
09:32:21,14.54,B,800
09:32:21,14.54,B,6600
09:32:21,14.55,B,2593
09:32:21,14.55,B,1700
09:32:21,14.55,B,67
09:32:21,14.55,B,240
09:32:21,14.55,B,1000
09:32:22,14.55,B,500
09:32:22,14.55,B,5000
09:32:22,14.55,B,500
09:32:23,14.55,B,200
09:32:23,14.55,B,5000
09:32:23,14.55,B,200
09:32:23,14.54,S,400
09:32:23,14.55,B,960
09:32:23,14.55,B,500
09:32:23,14.55,B,40
09:32:23,14.55,B,2360
09:32:23,14.55,B,7200
09:32:23,14.55,B,600
09:32:23,14.55,B,2400
09:32:23,14.55,B,2400
09:32:23,14.55,B,2400
09:32:23,14.55,B,1700
09:32:23,14.55,B,2400
09:32:23,14.55,B,2400
09:32:23,14.55,B,2400
09:32:23,14.55,B,2400
09:32:23,14.55,B,1200
09:32:23,14.55,B,100
09:32:23,14.55,B,1200
09:32:23,14.55,B,2400
09:32:23,14.55,B,10000
09:32:23,14.55,B,1700
09:32:23,14.55,B,100
09:32:23,14.55,B,4800
09:32:24,14.55,S,2400
09:32:25,14.55,S,20000
09:32:26,14.55,S,100
09:32:26,14.55,S,1000
09:32:26,14.55,S,1700
09:32:27,14.55,S,4400
09:32:27,14.55,S,1700
09:32:27,14.55,S,400
09:32:27,14.55,S,1700
09:32:27,14.55,S,3400
09:32:28,14.55,S,5100
09:32:28,14.55,S,6800
09:32:28,14.55,S,900
09:32:29,14.55,S,3400
09:32:30,14.55,S,1000
09:32:30,14.55,S,8800
09:32:30,14.55,S,600
09:32:30,14.55,S,2900
09:32:30,14.55,S,200
09:32:31,14.55,S,10300
09:32:31,14.55,S,1000
09:32:32,14.55,S,8800
09:32:32,14.55,S,2600
09:32:33,14.55,S,200
09:32:35,14.55,S,8800
09:32:36,14.55,S,1700
09:32:37,14.56,B,500
09:32:37,14.56,B,2600
09:32:37,14.55,S,8800
09:32:37,14.55,S,1700
09:32:38,14.55,S,4400
09:32:38,14.56,B,1000
09:32:39,14.55,S,1200
09:32:39,14.55,S,1200
09:32:41,14.55,S,1300
09:32:41,14.56,B,300
09:32:41,14.56,B,1100
09:32:41,14.56,B,100
09:32:41,14.56,B,7800
09:32:41,14.56,B,400
09:32:41,14.55,S,1500
09:32:42,14.55,S,1700
09:32:42,14.55,S,2000
09:32:42,14.55,S,9000
09:32:42,14.55,S,6800
09:32:42,14.55,S,3400
09:32:42,14.55,S,3400
09:32:43,14.55,S,3540
09:32:43,14.55,S,1000
09:32:43,14.55,S,560
09:32:43,14.55,S,1440
09:32:43,14.55,S,100
09:32:43,14.55,S,400
09:32:43,14.55,S,600
09:32:43,14.55,S,2000
09:32:43,14.55,S,200
09:32:43,14.55,S,1300
09:32:43,14.55,S,760
09:32:43,14.55,S,1700
09:32:44,14.56,B,1300
09:32:44,14.56,B,1700
09:32:44,14.55,S,3400
09:32:45,14.56,B,1500
09:32:45,14.55,S,2400
09:32:46,14.56,B,5000
09:32:48,14.56,B,500
09:32:49,14.56,B,200
09:32:49,14.55,S,340
09:32:49,14.55,S,160
09:32:51,14.56,B,1000
09:32:51,14.56,B,1000
09:32:51,14.56,B,600
09:32:51,14.55,S,340
09:32:51,14.55,S,2000
09:32:51,14.55,S,2060
09:32:52,14.56,B,1900
09:32:54,14.55,S,2400
09:32:55,14.56,B,1000
09:32:55,14.56,B,1700
09:32:55,14.56,B,7100
09:32:55,14.56,B,1700
09:32:55,14.56,B,3400
09:32:55,14.56,B,3800
09:32:55,14.55,S,1400
09:32:56,14.56,B,200
09:32:56,14.55,S,17000
09:32:58,14.55,S,1840
09:32:58,14.55,S,500
09:32:58,14.55,S,3000
09:32:58,14.55,S,2000
09:32:58,14.55,S,2660
09:32:58,14.56,B,300
09:32:58,14.56,B,700
09:32:59,14.56,B,1100
09:32:59,14.55,S,3400
09:32:59,14.55,S,1700
09:33:00,14.56,B,2000
09:33:00,14.56,B,1000
09:33:02,14.56,B,200
09:33:02,14.55,S,2000
09:33:03,14.55,S,1200
09:33:03,14.56,B,2100
09:33:04,14.56,B,600
09:33:04,14.56,B,3000
09:33:04,14.56,B,300
09:33:04,14.55,S,2000
09:33:04,14.55,S,200
09:33:06,14.55,S,3400
09:33:06,14.56,B,700
09:33:06,14.56,B,100
09:33:06,14.56,B,1700
09:33:06,14.56,B,600
09:33:07,14.56,B,1700
09:33:07,14.56,B,1000
09:33:08,14.55,S,500
09:33:09,14.55,S,5000
09:33:09,14.56,B,1200
09:33:09,14.56,B,3800
09:33:10,14.56,S,600
09:33:11,14.56,S,2400
09:33:11,14.56,S,10300
09:33:12,14.56,S,1700
09:33:12,14.56,S,200
09:33:13,14.56,S,1000
09:33:14,14.56,S,700
09:33:15,14.56,S,1000
09:33:15,14.57,B,2000
09:33:15,14.57,B,900
09:33:15,14.57,B,3000
09:33:18,14.57,S,500
09:33:20,14.57,S,200
09:33:20,14.57,S,1000
09:33:21,14.57,S,1000
09:33:21,14.57,S,900
09:33:23,14.57,S,1700
09:33:24,14.57,S,1700
09:33:25,14.57,S,100
09:33:26,14.57,S,400
09:33:27,14.57,S,700
09:33:27,14.57,S,10000
09:33:28,14.57,S,2700
09:33:28,14.57,S,100
09:33:31,14.58,B,500
09:33:31,14.58,B,1500
09:33:31,14.58,B,2400
09:33:32,14.57,S,500
09:33:32,14.57,S,1600
09:33:32,14.57,S,400
09:33:32,14.57,S,800
09:33:32,14.57,S,100
09:33:32,14.57,S,500
09:33:32,14.56,S,100
09:33:32,14.56,S,500
09:33:32,14.56,S,500
09:33:32,14.56,S,700
09:33:32,14.56,S,200
09:33:32,14.57,B,2300
09:33:32,14.56,S,300
09:33:32,14.56,S,400
09:33:32,14.56,S,300
09:33:32,14.56,S,300
09:33:32,14.56,S,500
09:33:33,14.57,B,500
09:33:34,14.57,B,700
09:33:34,14.57,B,300
09:33:34,14.57,B,3100
09:33:35,14.57,B,100
09:33:35,14.57,B,24100
09:33:35,14.57,B,300
09:33:35,14.57,B,900
09:33:35,14.58,B,1900
09:33:35,14.58,B,2800
09:33:35,14.58,B,2000
09:33:35,14.58,B,1000
09:33:35,14.58,B,2700
09:33:35,14.58,B,200
09:33:35,14.58,B,400
09:33:35,14.58,B,5800
09:33:35,14.58,B,1500
09:33:36,14.58,B,2300
09:33:36,14.59,B,300
09:33:36,14.59,B,400
09:33:37,14.58,B,1000
09:33:38,14.58,S,100
09:33:39,14.58,S,5800
09:33:43,14.58,S,100
09:33:45,14.58,S,3000
09:33:46,14.58,S,400
09:33:47,14.58,S,2200
09:33:50,14.59,B,600
09:33:50,14.59,B,1800
09:33:50,14.58,S,1000
09:33:51,14.58,S,100
09:33:51,14.58,S,1000
09:33:52,14.58,S,2700
09:33:54,14.59,B,1100
09:33:54,14.59,B,500
09:33:54,14.59,B,2400
09:33:54,14.59,B,2600
09:33:54,14.59,B,500
09:33:54,14.59,B,200
09:33:54,14.59,B,20000
09:33:54,14.59,B,6700
09:33:55,14.58,S,700
09:33:55,14.59,B,3300
09:33:55,14.59,B,19000
09:33:55,14.59,B,10000
09:33:55,14.59,B,2000
09:33:55,14.59,B,11900
09:33:55,14.59,B,1600
09:33:55,14.6,B,100
09:33:55,14.6,B,200
09:33:55,14.6,B,100
09:33:55,14.6,B,34500
09:33:55,14.6,B,100
09:33:55,14.6,B,1500
09:33:55,14.6,B,10000
09:33:55,14.6,B,41800
09:33:55,14.6,B,100
09:33:55,14.6,B,1000
09:33:55,14.6,B,1000
09:33:55,14.6,B,200
09:33:55,14.6,B,100
09:33:55,14.6,B,4800
09:33:58,14.59,S,300
09:33:58,14.6,B,2200
09:33:59,14.59,S,700
09:33:59,14.58,S,1700
09:33:59,14.6,B,2200
09:34:02,14.59,S,600
09:34:02,14.59,S,1000
09:34:02,14.59,B,400
09:34:06,14.6,B,500
09:34:06,14.6,B,600
09:34:06,14.59,S,300
09:34:07,14.6,B,3200
09:34:08,14.6,B,10000
09:34:08,14.6,B,200
09:34:08,14.6,B,200
09:34:09,14.6,B,3800
09:34:09,14.6,B,1200
09:34:10,14.59,S,100
09:34:10,14.6,B,500
09:34:10,14.6,B,200
09:34:10,14.6,B,700
09:34:10,14.6,B,500
09:34:10,14.6,B,100
09:34:10,14.6,B,1000
09:34:10,14.59,S,100
09:34:12,14.59,S,1100
09:34:12,14.59,S,100
09:34:12,14.59,S,500
09:34:12,14.6,B,700
09:34:12,14.6,B,700
09:34:12,14.6,B,200
09:34:12,14.6,B,200
09:34:12,14.6,B,400
09:34:13,14.6,B,1900
09:34:13,14.6,B,2000
09:34:13,14.6,B,500
09:34:13,14.6,B,300
09:34:13,14.6,B,6400
09:34:13,14.6,B,40000
09:34:13,14.6,B,5000
09:34:13,14.6,B,1300
09:34:13,14.6,B,10000
09:34:13,14.6,B,2200
09:34:13,14.6,B,500
09:34:13,14.6,B,100
09:34:13,14.6,B,6000
09:34:13,14.6,B,8800
09:34:13,14.6,B,1400
09:34:13,14.6,B,100
09:34:13,14.6,B,100
09:34:13,14.6,B,500
09:34:13,14.6,B,6100
09:34:13,14.6,B,900
09:34:13,14.6,B,100
09:34:13,14.61,B,1000
09:34:13,14.61,B,700
09:34:13,14.61,B,300
09:34:13,14.62,B,200
09:34:13,14.6,S,400
09:34:13,14.62,B,300
09:34:13,14.62,B,1000
09:34:13,14.62,B,2000
09:34:13,14.62,B,600
09:34:13,14.63,B,300
09:34:13,14.63,B,2000
09:34:13,14.63,B,2000
09:34:13,14.64,B,200
09:34:13,14.6,S,300
09:34:14,14.64,B,1800
09:34:14,14.64,B,1000
09:34:14,14.64,B,4400
09:34:14,14.6,S,1400
09:34:15,14.64,B,2200
09:34:16,14.61,S,1000
09:34:16,14.61,S,500
09:34:17,14.64,B,1100
09:34:18,14.61,S,800
09:34:18,14.61,S,500
09:34:19,14.61,S,2000
09:34:22,14.63,B,1100
09:34:22,14.61,S,2700
09:34:23,14.61,S,2000
09:34:24,14.61,S,40000
09:34:24,14.61,S,500
09:34:26,14.61,S,6800
09:34:27,14.63,B,2400
09:34:27,14.61,S,500
09:34:28,14.61,S,300
09:34:29,14.61,S,900
09:34:29,14.61,S,3000
09:34:29,14.6,S,2000
09:34:29,14.6,S,1000
09:34:30,14.63,B,5000
09:34:31,14.63,B,1500
09:34:31,14.63,B,500
09:34:31,14.64,B,2600
09:34:31,14.64,B,1400
09:34:31,14.64,B,800
09:34:31,14.64,B,2000
09:34:31,14.64,B,1000
09:34:31,14.65,B,100
09:34:31,14.65,B,2000
09:34:31,14.65,B,2600
09:34:31,14.65,B,300
09:34:31,14.65,B,600
09:34:31,14.65,B,200
09:34:31,14.65,B,800
09:34:31,14.65,B,1000
09:34:31,14.65,B,500
09:34:31,14.65,B,1000
09:34:31,14.65,B,1000
09:34:31,14.65,B,1000
09:34:31,14.65,B,500
09:34:31,14.65,B,100
09:34:31,14.65,B,1000
09:34:31,14.65,B,100
09:34:31,14.65,B,1000
09:34:31,14.65,B,1100
09:34:31,14.6,S,1200
09:34:32,14.65,B,400
09:34:32,14.61,S,1300
09:34:34,14.62,B,500
09:34:34,14.64,B,500
09:34:35,14.64,S,1000
09:34:35,14.64,S,1000
09:34:35,14.63,B,2000
09:34:35,14.65,B,3500
09:34:35,14.65,S,3400
09:34:36,14.65,S,4500
09:34:39,14.64,B,5500
09:34:39,14.64,B,500
09:34:39,14.66,B,1500
09:34:39,14.66,B,700
09:34:39,14.66,B,5000
09:34:39,14.66,B,10000
09:34:39,14.66,B,500
09:34:39,14.66,B,5500
09:34:40,14.63,S,100
09:34:40,14.63,S,3000
09:34:40,14.63,S,2400
09:34:40,14.63,S,4600
09:34:41,14.63,S,400
09:34:41,14.63,S,1400
09:34:41,14.63,S,500
09:34:42,14.63,S,500
09:34:42,14.63,S,400
09:34:43,14.64,B,800
09:34:43,14.64,B,200
09:34:43,14.64,B,200
09:34:45,14.64,B,100
09:34:45,14.64,B,1000
09:34:46,14.64,B,200
09:34:47,14.64,B,800
09:34:47,14.64,B,2000
09:34:47,14.64,B,300
09:34:47,14.64,B,1000
09:34:47,14.65,B,200
09:34:47,14.65,B,4300
09:34:47,14.65,B,500
09:34:47,14.65,B,2000
09:34:47,14.66,B,5000
09:34:47,14.66,B,1000
09:34:47,14.66,B,1000
09:34:47,14.67,B,500
09:34:47,14.67,B,6800
09:34:47,14.67,B,100
09:34:47,14.65,S,1000
09:34:49,14.65,S,1000
09:34:49,14.65,S,700
09:34:49,14.65,S,200
09:34:49,14.65,S,100
09:34:50,14.67,B,1100
09:34:50,14.67,B,2000
09:34:50,14.67,B,11000
09:34:50,14.67,B,2000
09:34:50,14.67,B,1000
09:34:50,14.67,B,1100
09:34:50,14.65,S,1300
09:34:50,14.65,S,3700
09:34:50,14.68,B,18200
09:34:50,14.65,S,300
09:34:51,14.68,B,1800
09:34:51,14.68,B,2000
09:34:51,14.68,B,1000
09:34:51,14.68,B,5000
09:34:51,14.68,B,2200
09:34:51,14.68,B,500
09:34:51,14.68,B,2000
09:34:51,14.68,B,3700
09:34:52,14.65,S,300
09:34:53,14.66,B,1000
09:34:53,14.68,B,8300
09:34:53,14.68,B,5000
09:34:53,14.68,B,2000
09:34:53,14.68,B,15700
09:34:53,14.67,S,1300
09:34:54,14.66,B,1000
09:34:54,14.66,B,1000
09:34:55,14.66,B,9300
09:34:55,14.66,B,15300
09:34:56,14.65,S,4300
09:34:56,14.65,S,4300
09:34:56,14.65,S,1400
09:34:56,14.66,B,21700
09:34:56,14.66,B,400
09:34:56,14.66,B,600
09:34:57,14.65,S,100
09:34:58,14.65,S,800
09:34:58,14.66,B,400
09:34:58,14.66,B,600
09:34:58,14.67,B,3200
09:34:59,14.66,S,3200
09:34:59,14.66,S,1000
09:34:59,14.66,S,1000
09:35:00,14.67,B,6800
09:35:00,14.68,B,3200
09:35:00,14.66,S,800
09:35:00,14.66,S,500
09:35:00,14.65,S,2000
09:35:00,14.64,S,100
09:35:00,14.67,S,1000
09:35:01,14.65,B,1000
09:35:01,14.65,B,4000
09:35:01,14.65,B,1000
09:35:01,14.65,B,500
09:35:02,14.65,B,500
09:35:03,14.65,B,100
09:35:03,14.65,B,2000
09:35:03,14.65,B,1500
09:35:03,14.65,S,800
09:35:04,14.65,S,2000
09:35:04,14.66,B,1000
09:35:04,14.66,B,300
09:35:05,14.68,B,1100
09:35:05,14.68,B,1100
09:35:05,14.66,S,700
09:35:05,14.65,S,200
09:35:05,14.65,S,300
09:35:06,14.67,S,400
09:35:07,14.67,S,900
09:35:07,14.67,S,2900
09:35:07,14.66,S,3500
09:35:07,14.65,S,5400
09:35:07,14.65,S,400
09:35:07,14.64,S,200
09:35:07,14.64,S,700
09:35:07,14.64,S,300
09:35:07,14.64,S,500
09:35:07,14.65,B,300
09:35:10,14.65,B,100
09:35:11,14.65,B,500
09:35:11,14.65,B,500
09:35:11,14.65,B,500
09:35:12,14.65,B,100
09:35:13,14.65,B,1000
09:35:13,14.65,B,500
09:35:13,14.65,B,1000
09:35:15,14.64,S,500
09:35:15,14.65,B,19400
09:35:15,14.65,B,100
09:35:15,14.65,B,1000
09:35:15,14.65,B,900
09:35:15,14.65,B,400
09:35:15,14.66,B,1600
09:35:16,14.66,B,200
09:35:16,14.64,S,2000
09:35:19,14.65,B,500
09:35:19,14.65,B,500
09:35:19,14.65,B,500
09:35:19,14.66,B,100
09:35:19,14.66,B,200
09:35:20,14.66,B,500
09:35:20,14.66,B,600
09:35:22,14.65,B,2000
09:35:22,14.65,B,2000
09:35:22,14.65,B,3000
09:35:22,14.66,B,500
09:35:23,14.65,S,500
09:35:23,14.64,S,500
09:35:23,14.66,B,1000
09:35:24,14.64,S,5000
09:35:25,14.66,B,1000
09:35:25,14.64,S,3100
09:35:25,14.64,S,500
09:35:25,14.64,S,1000
09:35:25,14.64,S,100
09:35:27,14.66,B,3000
09:35:27,14.65,S,1600
09:35:27,14.65,S,100
09:35:28,14.65,S,100
09:35:28,14.65,S,100
09:35:28,14.65,B,500
09:35:28,14.64,S,100
09:35:28,14.65,B,300
09:35:28,14.66,B,200
09:35:29,14.65,S,100
09:35:29,14.65,S,100
09:35:31,14.65,S,400
09:35:31,14.65,S,300
09:35:31,14.66,B,600
09:35:31,14.65,S,100
09:35:31,14.65,S,600
09:35:31,14.65,S,2000
09:35:32,14.65,S,600
09:35:32,14.65,S,500
09:35:33,14.66,B,200
09:35:33,14.66,B,400
09:35:33,14.66,B,100
09:35:34,14.65,S,100
09:35:34,14.65,S,6200
09:35:34,14.65,S,3000
09:35:34,14.65,S,800
09:35:35,14.66,B,100
09:35:35,14.66,B,39700
09:35:35,14.66,B,500
09:35:35,14.66,B,500
09:35:35,14.66,B,5000
09:35:35,14.66,B,2000
09:35:35,14.67,B,15400
09:35:36,14.66,B,3100
09:35:38,14.65,S,200
09:35:38,14.65,S,500
09:35:38,14.65,S,1300
09:35:38,14.65,S,1300
09:35:38,14.65,S,400
09:35:38,14.65,S,100
09:35:38,14.65,S,500
09:35:38,14.65,S,100
09:35:38,14.65,S,300
09:35:38,14.65,S,400
09:35:38,14.65,S,200
09:35:38,14.64,S,200
09:35:38,14.64,S,100
09:35:38,14.65,B,200
09:35:41,14.64,S,200
09:35:41,14.64,S,200
09:35:41,14.64,S,1600
09:35:41,14.64,S,500
09:35:41,14.64,S,600
09:35:41,14.64,S,3000
09:35:42,14.65,B,1300
09:35:42,14.65,B,200
09:35:43,14.65,B,200
09:35:43,14.65,B,100
09:35:43,14.65,B,2200
09:35:43,14.66,B,1900
09:35:43,14.66,B,200
09:35:43,14.66,B,1000
09:35:43,14.66,B,300
09:35:43,14.66,S,4900
09:35:44,14.66,B,100
09:35:45,14.66,S,500
09:35:45,14.66,S,400
09:35:47,14.66,S,300
09:35:47,14.66,S,100
09:35:47,14.66,S,700
09:35:47,14.66,S,300
09:35:48,14.65,S,2400
09:35:49,14.66,B,500
09:35:49,14.65,S,1600
09:35:49,14.65,S,1000
09:35:49,14.66,B,1000
09:35:49,14.65,S,100
09:35:50,14.65,S,2000
09:35:50,14.65,S,2800
09:35:51,14.65,S,100
09:35:51,14.65,S,2000
09:35:51,14.65,S,600
09:35:51,14.65,S,1000
09:35:52,14.64,S,1000
09:35:53,14.65,B,100
09:35:53,14.65,B,2000
09:35:53,14.64,S,4000
09:35:54,14.65,B,200
09:35:54,14.65,B,100
09:35:54,14.65,B,9900
09:35:54,14.65,B,300
09:35:54,14.65,B,9000
09:35:54,14.66,B,3200
09:35:54,14.66,B,27600
09:35:55,14.66,B,500
09:35:55,14.66,B,2500
09:35:56,14.65,S,1000
09:35:56,14.66,B,300
09:35:56,14.66,B,30000
09:35:57,14.65,S,500
09:35:57,14.64,S,300
09:35:57,14.64,S,300
09:35:57,14.66,B,3000
09:35:57,14.66,B,500
09:35:57,14.66,B,400
09:35:57,14.66,B,2600
09:35:58,14.66,B,300
09:35:59,14.65,B,1500
09:36:00,14.65,B,100
09:36:00,14.65,B,5000
09:36:00,14.65,B,2000
09:36:00,14.64,S,400
09:36:00,14.64,S,600
09:36:00,14.64,S,100
09:36:00,14.64,S,200
09:36:00,14.64,S,100
09:36:00,14.64,S,100
09:36:00,14.64,S,500
09:36:01,14.65,B,200
09:36:02,14.64,S,500
09:36:02,14.64,S,4300
09:36:02,14.65,B,200
09:36:02,14.65,B,1700
09:36:02,14.65,B,33400
09:36:02,14.65,B,500
09:36:02,14.64,S,12800
09:36:02,14.63,S,1800
09:36:02,14.63,S,2000
09:36:02,14.63,S,800
09:36:02,14.63,S,500
09:36:02,14.63,S,10400
09:36:02,14.63,S,1700
09:36:02,14.63,S,200
09:36:03,14.64,B,100
09:36:03,14.64,B,1600
09:36:04,14.64,B,300
09:36:04,14.65,B,700
09:36:04,14.63,S,300
09:36:04,14.65,B,4300
09:36:05,14.65,B,4100
09:36:05,14.65,B,300
09:36:05,14.63,S,1200
09:36:06,14.65,B,1000
09:36:06,14.65,B,100
09:36:07,14.65,B,2900
09:36:07,14.65,B,1800
09:36:07,14.64,B,500
09:36:09,14.64,B,500
09:36:09,14.64,B,1000
09:36:10,14.63,S,300
09:36:11,14.64,B,8700
09:36:11,14.65,B,8700
09:36:13,14.65,B,700
09:36:13,14.65,B,500
09:36:13,14.64,S,1000
09:36:15,14.64,B,2000
09:36:15,14.65,B,32400
09:36:15,14.65,B,2000
09:36:15,14.65,B,500
09:36:15,14.65,B,400
09:36:15,14.65,B,1000
09:36:15,14.65,B,1000
09:36:15,14.65,B,300
09:36:15,14.65,B,300
09:36:15,14.65,B,1000
09:36:15,14.65,B,5000
09:36:15,14.66,B,7100
09:36:15,14.66,B,900
09:36:15,14.66,B,3500
09:36:15,14.66,B,10000
09:36:15,14.66,B,2000
09:36:15,14.66,B,8500
09:36:15,14.66,B,2000
09:36:17,14.63,S,1300
09:36:17,14.63,S,200
09:36:17,14.63,S,900
09:36:17,14.63,S,400
09:36:17,14.63,S,400
09:36:17,14.63,S,2000
09:36:17,14.63,S,200
09:36:17,14.63,S,2000
09:36:18,14.65,B,1000
09:36:18,14.65,B,2000
09:36:18,14.65,S,3400
09:36:18,14.63,S,600
09:36:18,14.63,S,300
09:36:18,14.63,S,400
09:36:19,14.63,S,100
09:36:19,14.62,S,1000
09:36:19,14.62,S,200
09:36:19,14.62,S,500
09:36:19,14.62,S,1500
09:36:19,14.62,S,300
09:36:20,14.63,B,100
09:36:20,14.63,B,900
09:36:21,14.62,S,4200
09:36:21,14.63,B,500
09:36:21,14.63,B,600
09:36:22,14.63,B,2000
09:36:22,14.63,B,1000
09:36:23,14.63,B,2000
09:36:23,14.63,B,500
09:36:23,14.63,B,500
09:36:23,14.63,B,2000
09:36:23,14.63,B,4200
09:36:24,14.63,B,800
09:36:24,14.64,B,100
09:36:24,14.64,B,2000
09:36:24,14.64,B,1100
09:36:24,14.64,B,1000
09:36:24,14.62,S,2400
09:36:24,14.64,B,500
09:36:24,14.62,S,2400
09:36:25,14.64,B,100
09:36:26,14.63,S,1700
09:36:26,14.63,S,4200
09:36:27,14.63,S,1700
09:36:28,14.64,B,2000
09:36:28,14.64,B,100
09:36:28,14.63,S,2400
09:36:28,14.64,B,2300
09:36:29,14.63,B,2000
09:36:29,14.63,B,400
09:36:29,14.64,B,5100
09:36:29,14.64,B,600
09:36:31,14.64,B,2000
09:36:32,14.63,S,3400
09:36:32,14.63,S,900
09:36:32,14.62,S,500
09:36:33,14.62,S,500
09:36:34,14.62,S,600
09:36:35,14.62,B,10000
09:36:35,14.62,B,4600
09:36:35,14.62,B,1000
09:36:35,14.61,S,1700
09:36:35,14.61,S,500
09:36:35,14.61,S,600
09:36:35,14.61,S,1000
09:36:35,14.61,S,100
09:36:35,14.61,S,100
09:36:35,14.61,S,1000
09:36:35,14.61,S,2300
09:36:35,14.61,S,1300
09:36:35,14.61,S,500
09:36:35,14.61,S,7700
09:36:37,14.62,B,2800
09:36:37,14.61,S,1700
09:36:37,14.62,B,1000
09:36:37,14.61,S,2900
09:36:37,14.61,S,1000
09:36:37,14.61,S,100
09:36:37,14.61,S,1000
09:36:37,14.6,S,100
09:36:38,14.62,B,600
09:36:38,14.62,B,400
09:36:38,14.62,B,1000
09:36:38,14.62,B,1100
09:36:38,14.63,B,500
09:36:40,14.61,S,2400
09:36:40,14.61,S,1200
09:36:40,14.61,S,2000
09:36:40,14.61,S,200
09:36:41,14.6,S,1700
09:36:42,14.61,B,1000
09:36:42,14.61,B,2300
09:36:42,14.61,B,900
09:36:42,14.61,B,500
09:36:42,14.61,B,200
09:36:42,14.61,B,2400
09:36:42,14.62,B,2400
09:36:42,14.62,B,1200
09:36:42,14.62,B,2400
09:36:43,14.63,B,10000
09:36:43,14.61,B,2400
09:36:43,14.61,B,1100
09:36:43,14.63,B,1000
09:36:43,14.61,S,1500
09:36:44,14.61,B,200
09:36:44,14.62,B,2400
09:36:44,14.63,B,600
09:36:44,14.63,B,400
09:36:44,14.61,B,700
09:36:46,14.6,S,4800
09:36:47,14.63,B,200
09:36:47,14.6,S,400
09:36:49,14.62,B,600
09:36:49,14.62,B,400
09:36:49,14.62,B,600
09:36:49,14.62,B,200
09:36:49,14.62,B,1500
09:36:49,14.62,B,900
09:36:49,14.6,S,2400
09:36:50,14.61,S,200
09:36:50,14.6,S,300
09:36:50,14.6,S,5000
09:36:50,14.6,S,100
09:36:50,14.62,B,600
09:36:53,14.6,S,1200
09:36:53,14.62,B,100
09:36:53,14.62,B,800
09:36:53,14.61,S,2400
09:36:53,14.62,B,900
09:36:53,14.62,B,600
09:36:54,14.62,B,200
09:36:55,14.61,S,600
09:36:55,14.61,S,2000
09:36:55,14.6,S,100
09:36:55,14.62,B,1100
09:36:55,14.63,B,400
09:36:55,14.63,B,200
09:36:55,14.63,B,100
09:36:55,14.63,B,1000
09:36:55,14.63,B,200
09:36:55,14.63,B,2400
09:36:55,14.64,B,300
09:36:55,14.64,B,800
09:36:55,14.63,S,2000
09:36:55,14.63,S,1000
09:36:56,14.64,B,100
09:36:56,14.63,S,1100
09:36:56,14.62,S,600
09:36:56,14.61,B,500
09:36:56,14.6,S,2400
09:36:56,14.61,B,500
09:36:57,14.61,B,2000
09:36:57,14.6,S,1700
09:36:58,14.61,B,100
09:36:59,14.61,B,600
09:37:00,14.61,B,2700
09:37:00,14.6,S,1100
09:37:00,14.61,B,900
09:37:01,14.62,B,1000
09:37:01,14.62,S,500
09:37:03,14.62,S,3000
09:37:03,14.63,B,400
09:37:06,14.62,S,300
09:37:07,14.62,S,200
09:37:07,14.63,B,600
09:37:07,14.63,B,3300
09:37:07,14.63,B,900
09:37:07,14.63,B,2400
09:37:07,14.63,B,2400
09:37:07,14.63,B,2400
09:37:07,14.64,B,2800
09:37:07,14.63,B,500
09:37:08,14.63,B,500
09:37:11,14.62,S,200
09:37:12,14.62,S,1000
09:37:12,14.63,B,1400
09:37:12,14.63,B,1700
09:37:12,14.63,B,4800
09:37:12,14.63,B,2100
09:37:13,14.62,S,3400
09:37:13,14.62,S,300
09:37:13,14.63,B,2100
09:37:14,14.62,S,1100
09:37:15,14.63,B,4500
09:37:16,14.62,S,1600
09:37:17,14.62,S,500
09:37:17,14.62,S,900
09:37:17,14.62,S,1000
09:37:17,14.62,S,1500
09:37:17,14.62,S,4000
09:37:17,14.62,S,1000
09:37:17,14.62,S,4800
09:37:17,14.62,S,1400
09:37:17,14.62,S,2900
09:37:17,14.62,S,300
09:37:17,14.62,S,10000
09:37:17,14.62,S,1000
09:37:17,14.62,S,100
09:37:17,14.62,S,2000
09:37:17,14.62,S,3600
09:37:17,14.62,S,1000
09:37:17,14.62,S,1000
09:37:17,14.62,S,2000
09:37:17,14.62,S,16000
09:37:17,14.62,S,300
09:37:17,14.61,S,300
09:37:17,14.61,S,5600
09:37:17,14.61,S,1000
09:37:18,14.63,B,200
09:37:18,14.61,S,3000
09:37:20,14.62,B,400
09:37:20,14.62,B,300
09:37:20,14.63,B,200
09:37:22,14.62,S,300
09:37:23,14.62,S,200
09:37:23,14.62,S,3100
09:37:23,14.62,S,200
09:37:23,14.63,B,1000
09:37:23,14.62,S,100
09:37:23,14.63,B,3200
09:37:23,14.63,B,500
09:37:25,14.62,S,600
09:37:25,14.62,B,300
09:37:26,14.62,B,700
09:37:26,14.62,B,1000
09:37:26,14.63,B,500
09:37:26,14.62,S,1700
09:37:28,14.63,B,3100
09:37:29,14.62,S,500
09:37:31,14.62,S,900
09:37:31,14.63,B,500
09:37:31,14.63,B,1600
09:37:31,14.63,B,200
09:37:31,14.62,S,20900
09:37:32,14.63,B,100
09:37:33,14.62,S,2000
09:37:33,14.63,B,100
09:37:33,14.62,S,300
09:37:33,14.63,B,4000
09:37:34,14.62,S,200
09:37:34,14.63,B,500
09:37:35,14.63,B,5100
09:37:35,14.63,B,1700
09:37:35,14.63,B,500
09:37:35,14.63,B,1000
09:37:35,14.63,B,2000
09:37:35,14.63,B,500
09:37:35,14.63,B,200
09:37:35,14.63,B,1900
09:37:35,14.63,B,2400
09:37:35,14.63,B,300
09:37:35,14.63,B,18500
09:37:35,14.62,S,500
09:37:36,14.62,S,15000
09:37:36,14.63,B,2900
09:37:37,14.62,S,500
09:37:37,14.62,S,500
09:37:40,14.62,S,5000
09:37:40,14.63,B,500
09:37:40,14.63,B,4000
09:37:41,14.62,S,1700
09:37:42,14.62,S,500
09:37:43,14.62,S,2000
09:37:43,14.62,S,100
09:37:44,14.62,S,200
09:37:44,14.62,S,4000
09:37:45,14.62,S,1000
09:37:45,14.62,S,1000
09:37:45,14.62,S,5000
09:37:46,14.62,S,300
09:37:47,14.63,B,2000
09:37:47,14.63,B,200
09:37:47,14.62,S,3000
09:37:48,14.63,B,800
09:37:48,14.62,S,100
09:37:49,14.62,S,100
09:37:49,14.63,B,1200
09:37:49,14.62,S,10000
09:37:51,14.62,S,500
09:37:51,14.63,B,400
09:37:51,14.63,B,9500
09:37:51,14.63,B,500
09:37:51,14.63,B,700
09:37:51,14.63,B,35000
09:37:51,14.63,B,2000
09:37:51,14.63,B,700
09:37:52,14.63,S,1000
09:37:53,14.63,S,600
09:37:53,14.62,S,500
09:37:55,14.63,S,200
09:37:55,14.62,S,19800
09:37:55,14.64,B,12300
09:37:55,14.64,B,3000
09:37:55,14.64,B,1000
09:37:55,14.64,B,500
09:37:55,14.64,B,700
09:37:55,14.64,B,1000
09:37:55,14.64,B,20000
09:37:55,14.64,S,3400
09:37:58,14.64,S,6200
09:37:58,14.64,S,5000
09:38:00,14.64,S,4900
09:38:00,14.64,S,100
09:38:00,14.64,S,900
09:38:00,14.63,S,100
09:38:00,14.63,S,1000
09:38:03,14.63,S,1000
09:38:03,14.64,S,100
09:38:03,14.63,S,500
09:38:03,14.63,S,700
09:38:03,14.65,B,300
09:38:03,14.65,B,200
09:38:03,14.65,B,300
09:38:03,14.65,B,200
09:38:04,14.63,S,200
09:38:05,14.63,S,100
09:38:05,14.63,S,1000
09:38:05,14.63,S,700
09:38:05,14.63,S,1800
09:38:05,14.63,S,1000
09:38:07,14.64,S,1300
09:38:08,14.64,S,1700
09:38:08,14.63,S,17200
09:38:08,14.63,S,100
09:38:08,14.63,S,1300
09:38:08,14.63,S,800
09:38:08,14.62,S,500
09:38:08,14.62,S,500
09:38:08,14.62,S,900
09:38:08,14.62,S,2100
09:38:08,14.62,S,5000
09:38:08,14.62,S,800
09:38:08,14.62,S,500
09:38:08,14.62,S,1700
09:38:11,14.63,S,300
09:38:11,14.62,S,200
09:38:11,14.62,S,100
09:38:11,14.62,S,2000
09:38:11,14.62,S,3000
09:38:12,14.63,S,100
09:38:12,14.62,S,900
09:38:15,14.64,B,1000
09:38:15,14.64,B,100
09:38:15,14.64,B,200
09:38:15,14.65,B,800
09:38:15,14.65,B,1000
09:38:15,14.65,B,1000
09:38:15,14.65,B,400
09:38:15,14.65,B,600
09:38:15,14.65,B,1000
09:38:15,14.65,B,500
09:38:15,14.65,B,30000
09:38:15,14.65,B,1000
09:38:15,14.65,B,500
09:38:15,14.65,B,800
09:38:15,14.65,B,300
09:38:15,14.65,B,400
09:38:15,14.65,B,1500
09:38:15,14.65,B,3500
09:38:17,14.64,S,400
09:38:22,14.63,S,1000
09:38:22,14.63,S,500
09:38:22,14.63,S,1000
09:38:22,14.63,S,700
09:38:23,14.64,B,400
09:38:24,14.64,B,200
09:38:24,14.63,S,300
09:38:24,14.63,S,600
09:38:24,14.63,S,500
09:38:24,14.63,S,600
09:38:27,14.64,B,500
09:38:27,14.64,B,7000
09:38:27,14.64,B,100
09:38:27,14.64,B,1000
09:38:27,14.64,B,21000
09:38:27,14.64,B,2000
09:38:27,14.64,B,700
09:38:27,14.64,B,200
09:38:28,14.64,B,2800
09:38:28,14.64,B,2700
09:38:28,14.63,S,5000
09:38:28,14.64,B,700
09:38:28,14.65,B,1500
09:38:29,14.64,B,1000
09:38:29,14.65,B,1400
09:38:29,14.63,S,500
09:38:29,14.63,S,7100
09:38:29,14.65,B,3600
09:38:29,14.65,B,300
09:38:29,14.65,B,1500
09:38:29,14.65,B,4400
09:38:29,14.65,B,10300
09:38:29,14.65,B,10000
09:38:29,14.65,B,3000
09:38:29,14.65,B,1900
09:38:31,14.65,B,4800
09:38:31,14.65,B,4200
09:38:32,14.65,B,2200
09:38:33,14.65,B,41100
09:38:33,14.65,B,11200
09:38:33,14.65,B,500
09:38:33,14.65,B,2000
09:38:33,14.65,B,200
09:38:33,14.65,B,2000
09:38:34,14.65,S,1000
09:38:34,14.66,B,300
09:38:34,14.66,B,300
09:38:34,14.66,B,6600
09:38:35,14.65,S,4000
09:38:35,14.65,S,3000
09:38:35,14.65,S,6200
09:38:36,14.65,S,4000
09:38:37,14.65,S,300
09:38:37,14.65,S,1000
09:38:39,14.65,S,500
09:38:39,14.65,S,1000
09:38:40,14.65,S,10400
09:38:40,14.65,S,2000
09:38:42,14.65,S,5000
09:38:42,14.65,S,2000
09:38:42,14.66,B,2200
09:38:43,14.65,S,2000
09:38:43,14.65,S,200
09:38:43,14.65,S,400
09:38:43,14.65,S,300
09:38:44,14.65,S,200
09:38:44,14.65,S,800
09:38:44,14.65,S,2900
09:38:45,14.66,B,1200
09:38:45,14.66,B,700
09:38:45,14.66,B,3000
09:38:45,14.66,B,2000
09:38:45,14.66,B,500
09:38:45,14.66,B,5000
09:38:45,14.66,B,1000
09:38:45,14.66,B,500
09:38:45,14.66,B,1000
09:38:45,14.66,B,1900
09:38:45,14.66,B,100
09:38:45,14.66,B,2300
09:38:46,14.65,S,700
09:38:46,14.65,S,1100
09:38:47,14.65,S,500
09:38:49,14.65,S,30000
09:38:49,14.65,S,200
09:38:50,14.66,B,2200
09:38:50,14.65,S,5000
09:38:50,14.65,S,2900
09:38:50,14.65,S,1100
09:38:50,14.66,B,200
09:38:50,14.65,S,100
09:38:51,14.66,B,1800
09:38:51,14.66,B,300
09:38:51,14.66,B,1000
09:38:51,14.66,B,500
09:38:51,14.66,B,900
09:38:51,14.66,B,1500
09:38:51,14.66,B,400
09:38:51,14.66,B,1000
09:38:51,14.66,B,200
09:38:51,14.66,B,2300
09:38:51,14.66,B,2700
09:38:51,14.65,S,7000
09:38:51,14.65,S,1000
09:38:52,14.66,B,7200
09:38:53,14.65,S,500
09:38:54,14.66,B,1100
09:38:54,14.66,B,200
09:38:54,14.66,B,4900
09:38:54,14.66,B,100
09:38:54,14.66,B,200
09:38:54,14.66,B,3000
09:38:54,14.66,B,3000
09:38:54,14.66,B,2000
09:38:54,14.66,B,1000
09:38:54,14.66,B,1000
09:38:54,14.66,S,300
09:38:54,14.66,S,500
09:38:55,14.66,S,1500
09:38:55,14.67,B,49400
09:38:55,14.67,B,500
09:38:55,14.67,B,500
09:38:55,14.67,B,200
09:38:55,14.67,B,1000
09:38:55,14.67,B,500
09:38:55,14.67,B,400
09:38:55,14.67,B,600
09:38:55,14.67,B,4000
09:38:55,14.67,B,5000
09:38:55,14.67,B,1700
09:38:55,14.67,B,3000
09:38:55,14.67,B,200
09:38:55,14.67,B,1000
09:38:55,14.67,B,300
09:38:55,14.67,B,2000
09:38:55,14.67,B,500
09:38:55,14.67,B,2000
09:38:55,14.67,B,500
09:38:55,14.67,B,1000
09:38:55,14.67,B,200
09:38:55,14.67,B,300
09:38:55,14.67,B,4100
09:38:55,14.67,B,8400
09:38:55,14.66,S,1000
09:38:56,14.66,S,1900
09:38:56,14.66,S,10000
09:38:56,14.66,S,700
09:38:56,14.65,S,1000
09:38:57,14.66,B,2400
09:38:57,14.65,S,5000
09:38:57,14.66,B,700
09:38:57,14.66,B,2400
09:38:57,14.66,B,500
09:38:58,14.66,B,3300
09:38:59,14.65,S,900
09:38:59,14.66,B,1000
09:38:59,14.66,B,2200
09:39:00,14.66,B,1700
09:39:00,14.66,B,2000
09:39:00,14.67,B,500
09:39:00,14.67,B,4200
09:39:00,14.67,B,1800
09:39:00,14.67,B,7800
09:39:01,14.67,B,2200
09:39:01,14.67,B,700
09:39:01,14.67,B,500
09:39:01,14.67,B,600
09:39:01,14.68,B,200
09:39:01,14.68,B,8400
09:39:03,14.66,B,2400
09:39:04,14.66,B,1600
09:39:04,14.66,B,5400
09:39:04,14.66,S,100
09:39:06,14.66,S,300
09:39:07,14.67,S,200
09:39:09,14.67,S,400
09:39:09,14.67,S,100
09:39:10,14.68,B,1600
09:39:10,14.68,B,400
09:39:10,14.67,S,2900
09:39:10,14.66,S,2600
09:39:10,14.66,S,1000
09:39:10,14.66,S,23000
09:39:10,14.66,S,1000
09:39:10,14.66,S,2600
09:39:10,14.65,S,52506
09:39:11,14.66,B,1000
09:39:12,14.66,B,500
09:39:14,14.66,B,1800
09:39:14,14.66,B,100
09:39:14,14.66,B,900
09:39:15,14.65,S,600
09:39:15,14.66,B,53200
09:39:15,14.66,B,5000
09:39:15,14.66,B,4300
09:39:15,14.65,S,15294
09:39:15,14.65,S,500
09:39:15,14.65,S,200
09:39:15,14.65,S,100
09:39:15,14.65,S,706
09:39:17,14.66,B,100
09:39:17,14.66,B,6600
09:39:17,14.65,S,4900
09:39:17,14.66,B,1600
09:39:17,14.65,S,594
09:39:17,14.65,S,200
09:39:17,14.65,S,100
09:39:17,14.65,S,106
09:39:18,14.66,B,1000
09:39:19,14.66,B,2000
09:39:20,14.66,B,3700
09:39:20,14.66,B,100
09:39:21,14.65,S,394
09:39:21,14.65,S,500
09:39:21,14.65,S,106
09:39:22,14.65,S,500
09:39:23,14.66,B,500
09:39:23,14.65,S,200
09:39:24,14.65,S,194
09:39:24,14.65,S,2000
09:39:24,14.65,S,1500
09:39:24,14.64,S,5500
09:39:24,14.64,S,806
09:39:25,14.65,B,100
09:39:25,14.65,B,500
09:39:25,14.65,B,1400
09:39:25,14.66,B,5700
09:39:25,14.65,S,200
09:39:26,14.65,B,300
09:39:26,14.66,B,800
09:39:26,14.66,B,10000
09:39:26,14.66,B,1300
09:39:27,14.66,B,800
09:39:28,14.66,B,2000
09:39:29,14.66,B,1000
09:39:29,14.65,S,200
09:39:29,14.65,S,300
09:39:29,14.66,B,5000
09:39:30,14.66,B,1200
09:39:30,14.66,B,1100
09:39:32,14.66,B,3000
09:39:32,14.65,S,200
09:39:32,14.65,S,3000
09:39:32,14.65,S,2100
09:39:33,14.65,B,800
09:39:33,14.65,B,7400
09:39:34,14.65,S,500
09:39:34,14.65,S,400
09:39:34,14.66,B,4100
09:39:34,14.66,B,500
09:39:34,14.66,B,300
09:39:34,14.66,B,400
09:39:34,14.66,B,1200
09:39:34,14.67,B,2000
09:39:34,14.67,B,800
09:39:34,14.67,B,600
09:39:34,14.67,B,1600
09:39:35,14.66,S,3400
09:39:35,14.66,S,3000
09:39:35,14.66,B,400
09:39:35,14.66,B,1200
09:39:35,14.66,S,3400
09:39:36,14.66,S,3400
09:39:36,14.66,S,800
09:39:37,14.67,B,3000
09:39:37,14.66,S,300
09:39:37,14.66,S,1700
09:39:40,14.66,S,4400
09:39:40,14.66,S,700
09:39:40,14.66,S,2200
09:39:42,14.66,S,1700
09:39:43,14.66,S,200
09:39:44,14.66,S,1000
09:39:45,14.66,S,1000
09:39:45,14.66,S,1800
09:39:45,14.67,B,1000
09:39:45,14.66,S,700
09:39:45,14.66,S,700
09:39:45,14.66,S,100
09:39:45,14.66,S,1200
09:39:45,14.67,B,4400
09:39:45,14.67,B,3000
09:39:45,14.67,B,9800
09:39:47,14.66,S,1700
09:39:47,14.66,S,6100
09:39:47,14.66,S,2200
09:39:47,14.67,B,200
09:39:48,14.66,S,1000
09:39:48,14.67,B,400
09:39:48,14.67,B,700
09:39:48,14.66,S,2900
09:39:48,14.66,S,10000
09:39:48,14.66,S,200
09:39:48,14.66,S,400
09:39:48,14.67,B,900
09:39:49,14.66,S,100
09:39:50,14.67,B,1000
09:39:50,14.67,B,300
09:39:50,14.67,B,2000
09:39:51,14.67,B,200
09:39:52,14.66,S,500
09:39:52,14.66,S,100
09:39:52,14.66,S,100
09:39:53,14.66,B,300
09:39:54,14.66,B,1800
09:39:54,14.66,B,3000
09:39:55,14.66,B,300
09:39:55,14.66,B,9900
09:39:55,14.66,B,1000
09:39:55,14.67,B,300
09:39:55,14.67,B,200
09:39:55,14.67,B,15000
09:39:55,14.67,B,10000
09:39:55,14.67,B,5000
09:39:55,14.68,B,200
09:39:56,14.67,S,100
09:39:56,14.66,S,400
09:39:57,14.66,B,1500
09:39:57,14.67,B,400
09:39:57,14.67,B,1000
09:39:57,14.68,B,400
09:39:57,14.68,B,1000
09:39:57,14.68,B,300
09:39:58,14.66,B,3700
09:39:58,14.67,B,1000
09:39:58,14.67,S,300
09:39:59,14.67,B,1700
09:39:59,14.68,B,200
09:39:59,14.68,B,1000
09:39:59,14.68,B,500
09:39:59,14.68,B,3000
09:39:59,14.68,B,1500
09:39:59,14.68,B,500
09:39:59,14.68,B,500
09:39:59,14.67,S,200
09:39:59,14.67,S,600
09:39:59,14.67,S,200
09:40:00,14.66,B,300
09:40:00,14.65,S,6600
09:40:00,14.66,B,300
09:40:01,14.66,B,500
09:40:01,14.66,B,100
09:40:01,14.66,B,900
09:40:01,14.66,B,12600
09:40:01,14.66,B,2000
09:40:01,14.66,B,5400
09:40:02,14.66,B,200
09:40:02,14.66,B,13300
09:40:02,14.66,B,1200
09:40:02,14.67,B,100
09:40:02,14.67,S,10000
09:40:03,14.67,S,400
09:40:04,14.67,S,5000
09:40:04,14.67,S,700
09:40:05,14.67,S,2400
09:40:05,14.67,S,300
09:40:05,14.67,S,3400
09:40:05,14.67,S,2000
09:40:06,14.67,S,600
09:40:06,14.67,S,800
09:40:06,14.67,S,200
09:40:06,14.67,S,2500
09:40:07,14.67,S,200
09:40:07,14.67,S,500
09:40:07,14.67,S,5000
09:40:08,14.67,S,500
09:40:08,14.67,S,100
09:40:09,14.67,S,600
09:40:09,14.67,S,200
09:40:09,14.67,S,300
09:40:09,14.67,S,1000
09:40:09,14.67,S,20000
09:40:10,14.67,S,4400
09:40:10,14.67,S,10000
09:40:12,14.67,S,1700
09:40:12,14.67,S,500
09:40:14,14.68,B,1000
09:40:14,14.67,S,100
09:40:14,14.67,S,1200
09:40:14,14.67,S,5000
09:40:15,14.67,S,2200
09:40:15,14.67,S,4400
09:40:15,14.67,S,3000
09:40:15,14.68,B,100
09:40:15,14.68,B,300
09:40:15,14.68,B,500
09:40:15,14.68,B,500
09:40:15,14.68,B,1000
09:40:15,14.68,B,4000
09:40:15,14.68,B,300
09:40:15,14.68,B,1700
09:40:15,14.68,B,20000
09:40:15,14.68,B,400
09:40:15,14.68,B,1000
09:40:15,14.68,B,1000
09:40:15,14.68,B,1000
09:40:15,14.68,B,3000
09:40:15,14.68,B,500
09:40:15,14.68,B,200
09:40:15,14.68,B,2000
09:40:15,14.68,B,300
09:40:15,14.68,B,1700
09:40:15,14.68,B,600
09:40:15,14.68,B,1000
09:40:15,14.68,B,5000
09:40:15,14.68,B,500
09:40:15,14.68,B,5000
09:40:15,14.68,B,1300
09:40:15,14.67,S,2000
09:40:17,14.67,S,2200
09:40:17,14.67,S,600
09:40:18,14.67,S,400
09:40:18,14.67,S,600
09:40:18,14.67,S,2500
09:40:18,14.67,S,500
09:40:19,14.67,S,500
09:40:19,14.67,S,2100
09:40:19,14.67,S,3200
09:40:19,14.67,S,5000
09:40:19,14.67,S,1800
09:40:20,14.67,S,1000
09:40:21,14.67,S,2000
09:40:21,14.67,S,2600
09:40:21,14.67,S,7400
09:40:21,14.67,S,4000
09:40:22,14.67,S,900
09:40:23,14.67,B,800
09:40:26,14.67,B,300
09:40:26,14.67,B,2000
09:40:26,14.67,B,2500
09:40:26,14.67,B,1000
09:40:28,14.66,S,500
09:40:28,14.66,S,200
09:40:28,14.67,B,10001
09:40:28,14.67,B,300
09:40:28,14.67,B,1000
09:40:28,14.67,B,5900
09:40:28,14.67,B,2000
09:40:28,14.67,B,799
09:40:29,14.67,B,2601
09:40:29,14.68,B,700
09:40:29,14.68,B,1699
09:40:30,14.66,S,900
09:40:31,14.67,B,2500
09:40:31,14.67,S,500
09:40:32,14.67,B,600
09:40:34,14.67,B,900
09:40:34,14.67,B,200
09:40:35,14.67,B,400
09:40:35,14.67,B,7000
09:40:35,14.67,B,4000
09:40:35,14.68,B,1801
09:40:35,14.68,B,1299
09:40:36,14.68,B,500
09:40:36,14.67,B,200
09:40:36,14.68,B,201
09:40:36,14.68,B,500
09:40:36,14.68,B,1000
09:40:36,14.68,B,300
09:40:36,14.68,B,100
09:40:36,14.68,B,599
09:40:39,14.67,B,700
09:40:39,14.67,B,400
09:40:39,14.67,B,10000
09:40:39,14.67,B,7400
09:40:39,14.68,B,401
09:40:39,14.68,B,200
09:40:39,14.68,B,400
09:40:39,14.68,B,3000
09:40:39,14.68,B,100
09:40:39,14.68,B,1000
09:40:39,14.68,B,1500
09:40:39,14.68,B,200
09:40:39,14.68,B,800
09:40:39,14.68,B,5000
09:40:39,14.68,B,200
09:40:39,14.68,B,3600
09:40:39,14.68,B,1799
09:40:41,14.66,S,100
09:40:41,14.66,S,1600
09:40:41,14.67,B,100
09:40:42,14.67,B,400
09:40:42,14.67,B,100
09:40:44,14.67,B,2400
09:40:44,14.67,B,1200
09:40:44,14.67,B,100
09:40:45,14.66,S,800
09:40:45,14.66,S,300
09:40:45,14.66,S,1000
09:40:45,14.66,S,1000
09:40:45,14.66,S,6700
09:40:46,14.67,B,900
09:40:46,14.67,B,200
09:40:46,14.67,B,900
09:40:46,14.67,B,1000
09:40:46,14.67,B,4200
09:40:48,14.66,S,1000
09:40:48,14.66,S,12300
09:40:48,14.66,S,200
09:40:48,14.66,S,100
09:40:48,14.66,S,500
09:40:48,14.66,S,2700
09:40:48,14.66,S,6500
09:40:49,14.67,B,2600
09:40:49,14.67,B,1300
09:40:49,14.67,B,1000
09:40:49,14.67,B,500
09:40:49,14.67,B,500
09:40:50,14.67,S,300
09:40:50,14.67,S,1000
09:40:50,14.67,S,300
09:40:50,14.67,S,1000
09:40:51,14.67,S,1000
09:40:51,14.67,S,3100
09:40:51,14.67,B,300
09:40:52,14.66,S,100
09:40:52,14.67,B,1000
09:40:52,14.67,B,500
09:40:52,14.67,B,2300
09:40:52,14.67,B,2800
09:40:54,14.67,S,2300
09:40:54,14.66,S,3400
09:40:54,14.66,S,200
09:40:54,14.66,S,2000
09:40:54,14.66,S,2000
09:40:54,14.66,S,3400
09:40:54,14.66,S,7300
09:40:56,14.68,B,1000
09:40:56,14.67,S,1000
09:40:56,14.66,S,1000
09:40:57,14.67,B,400
09:40:58,14.67,B,1500
09:40:58,14.66,S,300
09:40:58,14.66,S,10000
09:40:59,14.66,S,400
09:40:59,14.67,B,1100
09:40:59,14.67,B,4700
09:41:00,14.67,B,1000
09:41:01,14.67,B,800
09:41:01,14.67,B,2200
09:41:02,14.67,B,600
09:41:02,14.67,B,700
09:41:02,14.67,B,1000
09:41:02,14.67,B,700
09:41:02,14.67,B,3400
09:41:02,14.67,B,3000
09:41:02,14.67,B,5500
09:41:02,14.68,B,201
09:41:02,14.68,B,5000
09:41:02,14.68,B,5499
09:41:02,14.66,S,1000
09:41:02,14.68,B,501
09:41:02,14.68,B,1000
09:41:02,14.68,B,2000
09:41:02,14.68,B,500
09:41:02,14.68,B,1000
09:41:02,14.68,B,1000
09:41:02,14.68,B,1199
09:41:02,14.67,B,100
09:41:03,14.66,S,4100
09:41:03,14.67,B,200
09:41:03,14.67,B,800
09:41:03,14.67,B,200
09:41:03,14.67,B,400
09:41:03,14.68,B,300
09:41:04,14.67,S,1000
09:41:05,14.67,S,2500
09:41:05,14.67,S,2800
09:41:05,14.68,B,3501
09:41:05,14.68,B,2500
09:41:05,14.68,B,500
09:41:05,14.68,B,1899
09:41:05,14.68,B,101
09:41:05,14.68,B,5000
09:41:05,14.68,B,300
09:41:05,14.68,B,500
09:41:05,14.68,B,200
09:41:05,14.68,B,1200
09:41:05,14.68,B,500
09:41:05,14.68,B,1000
09:41:05,14.68,B,400
09:41:05,14.68,B,3399
09:41:06,14.68,B,6601
09:41:06,14.68,B,599
09:41:06,14.68,B,401
09:41:06,14.68,B,1800
09:41:06,14.68,B,1300
09:41:06,14.68,B,1000
09:41:06,14.68,B,500
09:41:06,14.68,B,2000
09:41:06,14.68,B,600
09:41:06,14.68,B,799
09:41:06,14.67,S,6100
09:41:06,14.67,S,700
09:41:06,14.67,B,3000
09:41:07,14.67,B,200
09:41:07,14.67,B,500
09:41:07,14.68,B,11900
09:41:07,14.67,B,1000
09:41:07,14.67,B,1000
09:41:07,14.68,B,6400
09:41:08,14.68,B,100
09:41:08,14.68,B,3000
09:41:08,14.67,S,3200
09:41:08,14.66,S,1900
09:41:09,14.68,B,4400
09:41:09,14.68,B,16800
09:41:09,14.68,B,2400
09:41:09,14.66,S,200
09:41:10,14.67,S,400
09:41:10,14.66,S,1000
09:41:10,14.67,B,1600
09:41:10,14.68,B,2800
09:41:10,14.68,B,2200
09:41:11,14.67,S,600
09:41:11,14.67,B,1000
09:41:11,14.68,B,1200
09:41:11,14.68,B,2200
09:41:11,14.68,B,8400
09:41:12,14.68,B,100
09:41:12,14.68,B,30301
09:41:12,14.68,B,500
09:41:12,14.68,B,5000
09:41:12,14.68,B,1000
09:41:12,14.68,B,5000
09:41:12,14.68,B,5799
09:41:12,14.67,S,500
09:41:12,14.67,B,4200
09:41:12,14.67,B,300
09:41:12,14.68,B,4201
09:41:12,14.68,B,400
09:41:12,14.68,B,500
09:41:12,14.68,B,200
09:41:12,14.68,B,500
09:41:12,14.68,B,2000
09:41:12,14.68,B,299
09:41:13,14.68,B,1
09:41:13,14.68,B,2199
09:41:13,14.67,B,1000
09:41:14,14.67,B,8700
09:41:14,14.68,B,3201
09:41:14,14.68,B,2499
09:41:14,14.68,B,501
09:41:14,14.68,B,1899
09:41:14,14.67,B,1000
09:41:14,14.68,B,3101
09:41:14,14.68,B,99
09:41:14,14.67,B,100
09:41:14,14.68,B,3001
09:41:14,14.68,B,1099
09:41:14,14.68,B,2200
09:41:15,14.68,B,2200
09:41:15,14.68,B,2200
09:41:16,14.68,B,2301
09:41:16,14.68,B,300
09:41:16,14.69,B,400
09:41:16,14.69,B,1799
09:41:16,14.69,B,1100
09:41:16,14.69,B,2400
09:41:16,14.67,S,300
09:41:16,14.67,B,800
09:41:18,14.69,B,1100
09:41:18,14.69,B,2400
09:41:18,14.68,S,300
09:41:18,14.67,S,200
09:41:18,14.67,S,300
09:41:18,14.67,S,700
09:41:18,14.68,B,500
09:41:18,14.69,B,1900
09:41:18,14.67,S,300
09:41:18,14.67,B,500
09:41:19,14.67,B,2400
09:41:20,14.67,B,900
09:41:20,14.67,B,900
09:41:20,14.67,B,1100
09:41:20,14.69,B,400
09:41:21,14.66,S,200
09:41:22,14.69,B,7200
09:41:23,14.69,B,1701
09:41:23,14.69,B,100
09:41:23,14.69,B,599
09:41:23,14.69,B,901
09:41:23,14.69,B,3300
09:41:23,14.69,B,199
09:41:23,14.67,S,300
09:41:25,14.69,B,801
09:41:25,14.69,B,199
09:41:26,14.67,S,200
09:41:26,14.67,S,1000
09:41:26,14.67,S,200
09:41:26,14.67,B,3600
09:41:26,14.69,B,301
09:41:26,14.69,B,2000
09:41:26,14.69,B,700
09:41:26,14.69,B,600
09:41:26,14.69,B,1000
09:41:26,14.69,B,1100
09:41:26,14.69,B,1000
09:41:26,14.69,B,500
09:41:26,14.69,B,700
09:41:26,14.69,B,1099
09:41:26,14.69,B,901
09:41:26,14.69,B,99
09:41:27,14.67,S,1000
09:41:28,14.67,B,2400
09:41:28,14.67,B,400
09:41:28,14.67,B,1200
09:41:28,14.68,B,1000
09:41:28,14.69,B,300
09:41:29,14.69,B,1100
09:41:31,14.68,S,1000
09:41:31,14.68,B,4400
09:41:31,14.68,B,4200
09:41:31,14.68,B,400
09:41:31,14.69,B,1501
09:41:31,14.69,B,499
09:41:32,14.68,B,400
09:41:33,14.68,B,100
09:41:33,14.69,B,501
09:41:33,14.69,B,499
09:41:33,14.69,B,100
09:41:34,14.69,B,401
09:41:34,14.69,B,600
09:41:34,14.69,B,1399
09:41:35,14.69,B,601
09:41:35,14.69,B,399
09:41:35,14.69,B,601
09:41:35,14.69,B,200
09:41:35,14.69,B,99
09:41:36,14.69,B,301
09:41:36,14.69,B,100
09:41:36,14.69,B,2000
09:41:36,14.69,B,4799
09:41:36,14.69,B,2400
09:41:36,14.69,B,2900
09:41:38,14.69,B,600
09:41:39,14.69,B,200
09:41:40,14.69,B,2000
09:41:40,14.69,B,200
09:41:40,14.68,S,100
09:41:40,14.68,S,1900
09:41:40,14.68,S,400
09:41:40,14.68,S,7600
09:41:40,14.69,B,300
09:41:41,14.69,B,300
09:41:41,14.69,B,1301
09:41:41,14.69,B,400
09:41:41,14.69,B,500
09:41:41,14.69,B,799
09:41:41,14.68,S,6400
09:41:42,14.69,B,2000
09:41:42,14.69,B,500
09:41:43,14.69,B,1500
09:41:43,14.68,S,1000
09:41:45,14.69,B,800
09:41:45,14.69,B,2000
09:41:47,14.69,B,100
09:41:47,14.69,B,600
09:41:48,14.69,B,500
09:41:48,14.69,B,2000
09:41:49,14.69,B,1400
09:41:50,14.68,S,100
09:41:50,14.69,B,2000
09:41:50,14.69,B,801
09:41:50,14.69,B,2000
09:41:50,14.69,B,500
09:41:50,14.69,B,699
09:41:50,14.69,B,1000
09:41:50,14.69,B,301
09:41:50,14.69,B,200
09:41:50,14.69,B,299
09:41:51,14.68,S,2000
09:41:51,14.69,B,201
09:41:51,14.69,B,400
09:41:51,14.69,B,799
09:41:52,14.69,B,201
09:41:52,14.69,B,4199
09:41:52,14.69,B,700
09:41:52,14.69,B,1000
09:41:53,14.68,S,2300
09:41:53,14.69,B,101
09:41:53,14.69,B,399
09:41:53,14.69,B,601
09:41:53,14.69,B,2999
09:41:53,14.69,B,500
09:41:53,14.69,B,201
09:41:53,14.69,B,100
09:41:53,14.69,B,599
09:41:53,14.69,B,200
09:41:53,14.69,B,4201
09:41:53,14.69,B,2000
09:41:53,14.69,B,1000
09:41:53,14.69,B,200
09:41:53,14.69,B,2500
09:41:53,14.69,B,500
09:41:53,14.69,B,700
09:41:53,14.69,B,500
09:41:53,14.69,B,700
09:41:53,14.69,B,500
09:41:53,14.69,B,3000
09:41:53,14.69,B,500
09:41:53,14.69,B,300
09:41:53,14.69,B,10000
09:41:53,14.69,S,2499
09:41:53,14.69,S,300
09:41:53,14.68,S,600
09:41:53,14.68,S,200
09:41:53,14.68,S,3000
09:41:53,14.68,S,400
09:41:53,14.68,S,300
09:41:53,14.68,S,5000
09:41:53,14.68,S,1000
09:41:53,14.68,B,10000
09:41:54,14.68,B,500
09:41:54,14.68,B,300
09:41:54,14.68,B,2000
09:41:54,14.68,B,3901
09:41:54,14.68,B,5000
09:41:54,14.69,B,2000
09:41:55,14.69,S,1500
09:41:56,14.69,S,200
09:41:56,14.69,S,5000
09:41:56,14.69,S,100
09:41:56,14.69,S,100
09:41:57,14.69,S,100
09:41:57,14.69,S,100
09:41:58,14.69,S,100
09:41:58,14.69,S,100
09:41:59,14.7,B,700
09:41:59,14.69,S,1799
09:41:59,14.69,S,1000
09:41:59,14.69,S,500
09:41:59,14.68,S,100
09:41:59,14.68,S,200
09:42:00,14.68,S,100
09:42:00,14.69,B,1000
09:42:00,14.69,B,701
09:42:00,14.69,B,1699
09:42:00,14.68,S,100
09:42:00,14.69,B,200
09:42:00,14.68,S,100
09:42:00,14.69,B,8101
09:42:01,14.69,S,100
09:42:02,14.69,S,100
09:42:02,14.69,S,11699
09:42:02,14.69,B,18301
09:42:02,14.69,S,100
09:42:02,14.69,S,100
09:42:02,14.69,S,1499
09:42:02,14.68,S,1501
09:42:03,14.69,S,100
09:42:03,14.69,S,100
09:42:03,14.69,S,500
09:42:03,14.69,S,1400
09:42:03,14.69,B,100
09:42:03,14.68,S,2699
09:42:03,14.68,S,200
09:42:03,14.68,S,7101
09:42:04,14.69,B,500
09:42:04,14.7,B,1300
09:42:04,14.7,B,780
09:42:04,14.7,B,200
09:42:04,14.7,B,400
09:42:04,14.7,B,1000
09:42:04,14.7,B,100
09:42:04,14.7,B,2000
09:42:04,14.7,B,1000
09:42:04,14.7,B,900
09:42:04,14.7,B,500
09:42:04,14.7,B,200
09:42:04,14.7,B,400
09:42:04,14.7,B,2000
09:42:04,14.7,B,2000
09:42:04,14.7,B,2000
09:42:04,14.7,B,200
09:42:04,14.7,B,300
09:42:04,14.7,B,300
09:42:04,14.7,B,400
09:42:04,14.7,B,3000
09:42:04,14.7,B,2400
09:42:04,14.7,B,600
09:42:04,14.7,B,5000
09:42:04,14.7,B,900
09:42:04,14.7,B,700
09:42:04,14.7,B,1000
09:42:04,14.7,B,500
09:42:04,14.7,B,300
09:42:04,14.7,B,20000
09:42:04,14.7,B,1000
09:42:04,14.7,B,300
09:42:04,14.7,B,400
09:42:04,14.7,B,2000
09:42:04,14.7,B,1420
09:42:04,14.69,S,100
09:42:04,14.69,S,100
09:42:05,14.69,S,100
09:42:05,14.69,S,100
09:42:05,14.69,S,500
09:42:05,14.69,S,100
09:42:05,14.69,S,100
09:42:05,14.7,B,400
09:42:05,14.69,S,300
09:42:06,14.69,S,100
09:42:06,14.69,S,9900
09:42:07,14.69,S,100
09:42:07,14.69,S,500
09:42:07,14.7,B,1180
09:42:07,14.7,B,1820
09:42:07,14.69,S,100
09:42:08,14.69,S,100
09:42:08,14.69,S,100
09:42:08,14.69,S,1100
09:42:08,14.69,S,100
09:42:08,14.69,S,100
09:42:08,14.7,B,180
09:42:08,14.7,B,320
09:42:09,14.69,S,100
09:42:09,14.69,S,900
09:42:09,14.69,S,3000
09:42:10,14.69,S,3900
09:42:10,14.69,S,1000
09:42:10,14.69,S,200
09:42:11,14.69,S,100
09:42:11,14.69,S,5100
09:42:12,14.69,S,700
09:42:12,14.7,B,880
09:42:12,14.7,B,500
09:42:12,14.7,B,200
09:42:12,14.7,B,1420
09:42:12,14.7,B,200
09:42:13,14.69,S,100
09:42:13,14.69,S,1000
09:42:15,14.7,B,500
09:42:15,14.7,B,2880
09:42:15,14.7,B,200
09:42:15,14.7,B,400
09:42:15,14.7,B,1000
09:42:15,14.7,B,200
09:42:15,14.7,B,320
09:42:15,14.69,S,5000
09:42:16,14.69,S,100
09:42:16,14.7,B,300
09:42:16,14.7,B,4380
09:42:16,14.7,B,100
09:42:16,14.7,B,600
09:42:16,14.7,B,2000
09:42:16,14.7,B,1000
09:42:16,14.7,B,400
09:42:16,14.7,B,200
09:42:16,14.7,B,300
09:42:16,14.7,B,200
09:42:16,14.7,B,1000
09:42:16,14.7,B,1500
09:42:16,14.7,B,1800
09:42:16,14.7,B,300
09:42:16,14.7,B,100
09:42:16,14.7,B,500
09:42:16,14.7,B,3800
09:42:16,14.7,B,100
09:42:16,14.7,B,1720
09:42:17,14.69,S,5100
09:42:17,14.7,B,1000
09:42:18,14.7,B,500
09:42:20,14.69,S,1000
09:42:20,14.69,S,100
09:42:21,14.7,B,1000
09:42:21,14.7,B,500
09:42:23,14.7,B,2000
09:42:23,14.69,S,2700
09:42:23,14.69,S,500
09:42:23,14.69,S,900
09:42:23,14.69,S,100
09:42:24,14.7,B,1300
09:42:24,14.7,B,1980
09:42:24,14.7,B,20
09:42:24,14.7,B,180
09:42:24,14.7,B,2420
09:42:24,14.69,S,100
09:42:25,14.69,S,900
09:42:25,14.69,S,500
09:42:25,14.69,S,300
09:42:25,14.69,S,500
09:42:25,14.69,S,700
09:42:25,14.69,S,700
09:42:25,14.69,S,10000
09:42:25,14.7,B,580
09:42:25,14.7,B,100
09:42:25,14.7,B,1000
09:42:25,14.7,B,1320
09:42:26,14.7,B,8680
09:42:26,14.7,B,100
09:42:26,14.7,B,1220
09:42:26,14.7,B,500
09:42:26,14.69,S,200
09:42:26,14.7,B,100
09:42:27,14.7,B,8180
09:42:27,14.7,B,20
09:42:27,14.7,B,400
09:42:27,14.7,B,900
09:42:27,14.7,B,1000
09:42:28,14.7,B,400
09:42:29,14.69,S,1000
09:42:29,14.7,B,7280
09:42:29,14.7,B,300
09:42:29,14.7,B,1000
09:42:29,14.7,B,500
09:42:29,14.7,B,2000
09:42:29,14.7,B,100
09:42:30,14.7,S,100
09:42:31,14.7,S,5000
09:42:31,14.7,S,1000
09:42:32,14.7,S,100
09:42:32,14.71,B,2500
09:42:33,14.7,S,500
09:42:34,14.7,S,800
09:42:34,14.7,S,800
09:42:34,14.7,S,2000
09:42:35,14.7,S,2400
09:42:35,14.7,S,300
09:42:36,14.7,S,8100
09:42:36,14.71,B,500
09:42:36,14.71,B,1000
09:42:36,14.71,B,300
09:42:36,14.71,B,200
09:42:36,14.71,B,500
09:42:36,14.71,B,3100
09:42:37,14.7,S,100
09:42:38,14.7,S,100
09:42:38,14.7,S,7300
09:42:39,14.71,B,6200
09:42:39,14.71,B,2000
09:42:39,14.71,B,300
09:42:39,14.71,B,1000
09:42:39,14.71,B,300
09:42:40,14.71,B,100
09:42:40,14.71,B,400
09:42:40,14.71,B,200
09:42:40,14.71,B,1700
09:42:40,14.71,B,2600
09:42:41,14.71,B,1800
09:42:41,14.7,S,5100
09:42:41,14.7,S,100
09:42:42,14.7,S,1500
09:42:42,14.7,S,2000
09:42:43,14.7,S,100
09:42:43,14.7,S,4000
09:42:43,14.7,S,1800
09:42:45,14.7,S,5000
09:42:45,14.7,S,8099
09:42:46,14.7,S,100
09:42:46,14.71,B,600
09:42:46,14.71,B,1000
09:42:46,14.71,B,100
09:42:46,14.71,B,1300
09:42:47,14.71,B,100
09:42:47,14.71,B,100
09:42:49,14.71,B,100
09:42:49,14.71,B,800
09:42:49,14.71,B,1000
09:42:49,14.71,B,200
09:42:49,14.71,B,5000
09:42:49,14.71,B,2000
09:42:49,14.71,B,100
09:42:50,14.71,S,100
09:42:51,14.71,S,100
09:42:52,14.71,S,900
09:42:52,14.72,B,8700
09:42:52,14.72,B,1000
09:42:52,14.72,B,400
09:42:52,14.72,B,1000
09:42:52,14.72,B,300
09:42:52,14.72,B,3800
09:42:52,14.72,B,600
09:42:52,14.72,B,200
09:42:52,14.72,B,4000
09:42:52,14.72,B,2200
09:42:53,14.71,S,1000
09:42:54,14.72,B,1300
09:42:54,14.71,S,100
09:42:55,14.71,S,800
09:42:55,14.71,S,200
09:42:57,14.71,S,100
09:42:57,14.71,S,1000
09:42:58,14.72,B,400
09:42:58,14.72,B,200
09:42:58,14.72,B,1500
09:42:58,14.72,B,10000
09:42:58,14.72,B,20000
09:42:58,14.72,B,400
09:42:58,14.72,B,5000
09:42:58,14.72,B,100
09:42:59,14.73,B,1000
09:42:59,14.72,S,100
09:42:59,14.72,S,16600
09:42:59,14.71,S,3400
09:43:02,14.72,B,100
09:43:02,14.72,B,3000
09:43:02,14.73,B,200
09:43:02,14.73,B,500
09:43:02,14.73,B,1000
09:43:02,14.73,B,5500
09:43:03,14.72,S,200
09:43:03,14.72,S,5000
09:43:03,14.72,S,5000
09:43:03,14.72,S,100
09:43:03,14.72,S,100
09:43:04,14.72,S,25000
09:43:04,14.73,B,7200
09:43:04,14.73,B,2400
09:43:05,14.72,S,200
09:43:05,14.72,S,100
09:43:05,14.72,S,200
09:43:05,14.72,S,700
09:43:06,14.72,S,1000
09:43:07,14.72,S,200
09:43:07,14.73,B,3100
09:43:07,14.72,S,100
09:43:07,14.72,S,2000
09:43:11,14.72,S,7000
09:43:11,14.72,S,500
09:43:11,14.72,S,4000
09:43:11,14.72,S,100
09:43:11,14.72,S,200
09:43:11,14.72,S,2000
09:43:11,14.72,S,2000
09:43:11,14.71,S,1955
09:43:12,14.72,S,100
09:43:12,14.72,S,500
09:43:13,14.72,S,100
09:43:14,14.72,S,100
09:43:14,14.72,S,100
09:43:15,14.72,S,1700
09:43:16,14.72,S,100
09:43:16,14.72,S,2000
09:43:16,14.72,S,900
09:43:17,14.73,B,500
09:43:17,14.72,S,4100
09:43:17,14.72,S,300
09:43:17,14.72,S,600
09:43:17,14.72,S,25000
09:43:17,14.72,S,400
09:43:18,14.73,B,500
09:43:18,14.73,B,800
09:43:18,14.73,B,400
09:43:19,14.72,S,100
09:43:19,14.72,S,300
09:43:19,14.72,S,1000
09:43:20,14.72,S,1000
09:43:20,14.73,B,1000
09:43:20,14.72,S,5000
09:43:21,14.72,S,100
09:43:21,14.73,B,3600
09:43:21,14.73,B,1000
09:43:21,14.73,B,800
09:43:21,14.73,B,400
09:43:21,14.73,B,500
09:43:21,14.73,B,200
09:43:21,14.73,B,2000
09:43:21,14.73,B,500
09:43:21,14.73,B,1000
09:43:21,14.73,B,1000
09:43:21,14.73,B,1000
09:43:21,14.72,S,1000
09:43:22,14.72,S,10900
09:43:22,14.73,B,5000
09:43:23,14.73,B,500
09:43:23,14.73,B,500
09:43:23,14.72,S,1200
09:43:25,14.72,S,100
09:43:25,14.73,B,3000
09:43:25,14.73,B,1000
09:43:25,14.73,B,1900
09:43:25,14.73,B,100
09:43:25,14.73,B,500
09:43:25,14.73,B,1500
09:43:26,14.72,S,3400
09:43:26,14.72,S,10000
09:43:27,14.73,B,3000
09:43:27,14.73,B,5000
09:43:27,14.72,S,2000
09:43:27,14.73,B,1800
09:43:28,14.73,B,5000
09:43:29,14.72,S,3000
09:43:29,14.72,S,1000
09:43:29,14.73,B,3700
09:43:29,14.73,B,1000
09:43:29,14.73,B,200
09:43:29,14.73,B,2000
09:43:29,14.73,B,500
09:43:29,14.73,B,500
09:43:29,14.73,B,500
09:43:29,14.73,B,5000
09:43:29,14.73,B,1000
09:43:29,14.73,B,1000
09:43:29,14.73,B,3800
09:43:29,14.73,B,100
09:43:29,14.73,B,200
09:43:29,14.73,B,500
09:43:30,14.72,S,500
09:43:30,14.72,S,100
09:43:30,14.72,S,100
09:43:31,14.72,S,100
09:43:31,14.72,S,119
09:43:31,14.73,B,1000
09:43:31,14.73,B,1600
09:43:31,14.73,B,4100
09:43:32,14.72,S,100
09:43:32,14.73,B,900
09:43:32,14.73,B,300
09:43:32,14.73,B,1200
09:43:32,14.74,B,400
09:43:32,14.74,B,2000
09:43:35,14.73,S,300
09:43:35,14.73,S,1000
09:43:35,14.73,S,300
09:43:35,14.73,S,1700
09:43:35,14.73,B,300
09:43:36,14.73,B,3500
09:43:36,14.72,S,1000
09:43:36,14.73,B,500
09:43:36,14.73,B,800
09:43:36,14.73,B,300
09:43:37,14.73,B,3100
09:43:37,14.73,B,1000
09:43:37,14.73,B,400
09:43:38,14.73,B,800
09:43:38,14.73,B,30000
09:43:39,14.73,B,1000
09:43:39,14.73,B,1400
09:43:40,14.73,B,3900
09:43:40,14.73,B,500
09:43:40,14.73,B,200
09:43:40,14.73,B,10000
09:43:40,14.73,B,800
09:43:40,14.73,B,4600
09:43:42,14.72,S,300
09:43:42,14.73,B,400
09:43:42,14.73,B,100
09:43:43,14.72,S,300
09:43:43,14.73,B,100
09:43:43,14.73,B,1000
09:43:43,14.73,B,8800
09:43:43,14.73,B,400
09:43:43,14.73,B,300
09:43:43,14.73,B,10000
09:43:43,14.73,B,400
09:43:44,14.73,S,200
09:43:44,14.73,S,11600
09:43:44,14.73,S,200
09:43:45,14.73,S,6400
09:43:45,14.73,S,500
09:43:45,14.73,S,800
09:43:46,14.73,S,2000
09:43:47,14.74,B,1000
09:43:47,14.74,B,3400
09:43:47,14.74,B,500
09:43:47,14.73,S,500
09:43:47,14.73,S,46900
09:43:47,14.73,S,2000
09:43:47,14.73,S,500
09:43:47,14.73,S,600
09:43:48,14.74,B,1400
09:43:48,14.73,S,400
09:43:48,14.73,S,100
09:43:49,14.73,S,1000
09:43:49,14.73,S,1000
09:43:49,14.73,S,500
09:43:49,14.73,S,100
09:43:49,14.73,S,500
09:43:49,14.73,S,100
09:43:49,14.73,S,3800
09:43:51,14.73,S,1000
09:43:53,14.74,B,1700
09:43:53,14.74,B,1000
09:43:53,14.74,B,2000
09:43:53,14.74,B,300
09:43:53,14.73,S,2000
09:43:53,14.73,S,1000
09:43:53,14.73,S,500
09:43:53,14.73,S,400
09:43:54,14.73,S,1000
09:43:54,14.74,B,600
09:43:54,14.73,S,400
09:43:54,14.73,S,300
09:43:55,14.73,S,1000
09:43:55,14.73,S,600
09:43:56,14.74,B,100
09:43:56,14.74,B,1100
09:43:56,14.74,B,400
09:43:56,14.74,B,10000
09:43:56,14.74,B,5000
09:43:56,14.74,B,2000
09:43:56,14.74,B,100
09:43:56,14.74,B,1000
09:43:56,14.74,B,1000
09:43:56,14.74,B,35000
09:43:56,14.74,B,400
09:43:56,14.74,B,700
09:43:56,14.74,B,400
09:43:56,14.74,B,200
09:43:56,14.74,B,2000
09:43:56,14.74,B,15600
09:43:56,14.73,S,100
09:43:56,14.73,S,4500
09:43:56,14.73,S,10000
09:43:56,14.73,S,2000
09:43:56,14.73,S,3500
09:43:57,14.73,S,5000
09:43:57,14.73,S,4000
09:43:58,14.73,S,5000
09:43:59,14.74,B,3100
09:43:59,14.74,B,1300
09:43:59,14.74,B,1000
09:43:59,14.74,B,1200
09:43:59,14.74,B,400
09:43:59,14.74,B,1000
09:43:59,14.74,B,1000
09:43:59,14.74,B,500
09:43:59,14.74,B,1000
09:43:59,14.74,B,1300
09:43:59,14.74,B,1000
09:43:59,14.74,B,500
09:43:59,14.74,B,700
09:43:59,14.74,B,100
09:43:59,14.73,S,1000
09:43:59,14.74,B,200
09:43:59,14.74,B,300
09:44:00,14.73,S,1000
09:44:00,14.73,S,1700
09:44:03,14.74,B,2400
09:44:03,14.73,S,20000
09:44:04,14.73,S,2000
09:44:05,14.73,S,300
09:44:05,14.73,S,200
09:44:06,14.74,B,1100
09:44:06,14.74,B,900
09:44:06,14.74,B,1000
09:44:07,14.74,B,100
09:44:07,14.74,B,3000
09:44:07,14.73,S,1700
09:44:07,14.73,S,5000
09:44:07,14.74,B,7000
09:44:07,14.74,B,3000
09:44:07,14.74,B,2000
09:44:07,14.74,B,9000
09:44:07,14.74,B,1000
09:44:07,14.74,B,100
09:44:07,14.74,B,1000
09:44:07,14.74,B,200
09:44:07,14.74,B,400
09:44:07,14.74,B,3600
09:44:07,14.75,B,200
09:44:07,14.75,B,2000
09:44:07,14.75,B,1000
09:44:07,14.75,B,30000
09:44:07,14.75,B,400
09:44:07,14.75,B,800
09:44:07,14.75,B,300
09:44:07,14.75,B,700
09:44:07,14.75,B,1000
09:44:07,14.75,B,4600
09:44:07,14.75,B,1500
09:44:07,14.75,B,1000
09:44:07,14.75,B,1000
09:44:07,14.75,B,300
09:44:07,14.75,B,2000
09:44:07,14.75,B,900
09:44:08,14.74,S,1000
09:44:08,14.74,S,500
09:44:09,14.74,S,1000
09:44:09,14.74,S,500
09:44:11,14.74,S,4200
09:44:12,14.74,S,2800
09:44:12,14.74,S,500
09:44:12,14.74,S,1800
09:44:12,14.74,S,500
09:44:12,14.74,S,200
09:44:12,14.74,S,800
09:44:13,14.74,S,100
09:44:14,14.74,S,400
09:44:14,14.74,S,400
09:44:15,14.75,B,1000
09:44:15,14.75,B,400
09:44:15,14.75,B,1000
09:44:15,14.75,B,600
09:44:15,14.74,S,100
09:44:15,14.74,S,300
09:44:15,14.74,S,1300
09:44:15,14.74,S,400
09:44:15,14.74,S,300
09:44:15,14.74,S,700
09:44:15,14.74,S,300
09:44:15,14.74,S,900
09:44:15,14.74,S,100
09:44:15,14.74,S,400
09:44:15,14.74,S,100
09:44:15,14.74,S,100
09:44:16,14.75,B,400
09:44:16,14.75,B,100
09:44:17,14.74,S,1200
09:44:17,14.74,S,1800
09:44:18,14.74,S,300
09:44:18,14.74,S,500
09:44:18,14.75,B,100
09:44:18,14.75,B,200
09:44:18,14.75,B,200
09:44:18,14.75,B,8300
09:44:18,14.75,B,900
09:44:18,14.75,B,400
09:44:18,14.75,B,700
09:44:18,14.75,B,1000
09:44:18,14.75,B,100
09:44:18,14.75,B,18100
09:44:19,14.74,S,300
09:44:19,14.74,S,7100
09:44:19,14.74,S,1000
09:44:19,14.74,S,700
09:44:19,14.74,S,900
09:44:19,14.74,S,300
09:44:19,14.75,B,100
09:44:20,14.74,S,100
09:44:21,14.75,B,200
09:44:22,14.75,B,200
09:44:22,14.74,S,1000
09:44:22,14.74,S,300
09:44:23,14.75,B,1400
09:44:23,14.75,B,500
09:44:23,14.75,B,1000
09:44:23,14.75,B,1000
09:44:23,14.75,B,1000
09:44:23,14.75,B,300
09:44:23,14.75,B,300
09:44:23,14.75,B,1000
09:44:23,14.75,B,200
09:44:23,14.75,B,200
09:44:23,14.75,B,500
09:44:23,14.75,B,1600
09:44:23,14.75,B,100
09:44:23,14.75,B,200
09:44:23,14.75,B,4000
09:44:23,14.75,B,2500
09:44:23,14.75,B,900
09:44:23,14.75,B,200
09:44:23,14.75,B,1000
09:44:23,14.75,B,1700
09:44:23,14.74,S,300
09:44:23,14.75,B,700
09:44:23,14.75,B,300
09:44:24,14.75,B,1700
09:44:24,14.75,B,1000
09:44:24,14.75,B,4200
09:44:24,14.75,B,1000
09:44:24,14.75,B,100
09:44:24,14.75,S,300
09:44:24,14.75,S,1700
09:44:24,14.75,S,5000
09:44:24,14.75,S,1000
09:44:24,14.75,S,500
09:44:25,14.75,S,4100
09:44:25,14.75,S,4300
09:44:25,14.75,S,3400
09:44:25,14.75,S,600
09:44:26,14.75,S,1200
09:44:26,14.75,S,500
09:44:26,14.74,S,200
09:44:26,14.74,S,100
09:44:26,14.74,S,3000
09:44:26,14.74,S,2000
09:44:26,14.74,S,100
09:44:26,14.74,S,1100
09:44:27,14.76,B,1000
09:44:27,14.76,B,700
09:44:27,14.76,B,1000
09:44:27,14.76,B,2000
09:44:27,14.76,B,300
09:44:27,14.76,B,2000
09:44:27,14.76,B,3000
09:44:28,14.74,S,2600
09:44:28,14.74,S,1200
09:44:28,14.74,S,200
09:44:28,14.74,S,5000
09:44:28,14.74,S,6200
09:44:28,14.74,S,2400
09:44:29,14.75,B,4200
09:44:29,14.74,S,700
09:44:29,14.74,S,700
09:44:29,14.74,S,3000
09:44:29,14.74,S,300
09:44:29,14.74,S,4400
09:44:30,14.74,S,200
09:44:31,14.75,B,800
09:44:31,14.75,B,1000
09:44:32,14.74,S,100
09:44:33,14.74,S,2400
09:44:33,14.74,S,2400
09:44:33,14.75,B,6600
09:44:34,14.74,S,500
09:44:34,14.74,S,800
09:44:34,14.74,S,2100
09:44:34,14.75,B,1000
09:44:34,14.74,S,2400
09:44:34,14.75,B,100
09:44:34,14.75,B,500
09:44:34,14.75,B,4000
09:44:34,14.74,S,1000
09:44:34,14.74,S,200
09:44:35,14.75,B,200
09:44:35,14.74,S,7200
09:44:35,14.74,S,300
09:44:35,14.75,B,10500
09:44:35,14.74,S,1700
09:44:37,14.75,B,3000
09:44:37,14.75,B,1500
09:44:37,14.74,S,500
09:44:37,14.75,B,600
09:44:38,14.75,B,800
09:44:39,14.74,S,3500
09:44:39,14.74,S,5100
09:44:39,14.74,S,10000
09:44:39,14.75,B,100
09:44:40,14.75,B,500
09:44:40,14.74,S,2400
09:44:40,14.74,S,16800
09:44:40,14.75,B,14600
09:44:40,14.75,B,500
09:44:40,14.75,B,5000
09:44:40,14.75,B,500
09:44:40,14.75,B,2400
09:44:40,14.75,B,300
09:44:40,14.75,B,5000
09:44:40,14.75,B,3400
09:44:40,14.75,B,3400
09:44:40,14.75,B,2400
09:44:40,14.75,B,2600
09:44:40,14.75,B,1100
09:44:40,14.75,B,500
09:44:40,14.75,B,1500
09:44:40,14.75,B,2000
09:44:40,14.75,B,9600
09:44:40,14.75,B,8000
09:44:40,14.75,B,1100
09:44:40,14.75,B,200
09:44:40,14.75,B,1000
09:44:40,14.75,B,4200
09:44:40,14.75,B,1700
09:44:42,14.75,B,700
09:44:42,14.75,B,1300
09:44:42,14.75,B,1100
09:44:42,14.75,B,500
09:44:42,14.75,B,9600
09:44:42,14.75,B,2400
09:44:42,14.75,B,2400
09:44:42,14.75,B,500
09:44:42,14.75,S,1000
09:44:43,14.75,S,4200
09:44:44,14.75,S,8300
09:44:44,14.75,S,500
09:44:44,14.75,S,200
09:44:45,14.76,B,200
09:44:45,14.75,S,900
09:44:45,14.75,S,100
09:44:45,14.75,S,500
09:44:45,14.75,S,50000
09:44:45,14.75,S,300
09:44:46,14.75,S,1700
09:44:46,14.75,S,12600
09:44:47,14.75,S,1000
09:44:48,14.75,S,200
09:44:48,14.75,S,2500
09:44:49,14.75,S,1700
09:44:49,14.75,S,100
09:44:49,14.75,S,200
09:44:49,14.75,S,300
09:44:49,14.75,S,200
09:44:49,14.75,S,300
09:44:49,14.75,S,200
09:44:49,14.75,S,1000
09:44:49,14.75,S,900
09:44:49,14.76,B,11500
09:44:49,14.75,S,100
09:44:49,14.75,S,5600
09:44:49,14.75,S,1000
09:44:49,14.75,S,2000
09:44:49,14.75,S,1400
09:44:50,14.75,S,3000
09:44:51,14.75,S,200
09:44:52,14.75,S,400
09:44:52,14.75,S,100
09:44:53,14.75,S,500
09:44:54,14.75,S,400
09:44:54,14.74,S,600
09:44:54,14.74,S,5900
09:44:54,14.74,S,3600
09:44:54,14.75,B,200
09:44:56,14.75,S,10000
09:44:56,14.75,S,300
09:44:56,14.75,S,9500
09:44:56,14.75,S,100
09:44:56,14.75,S,700
09:44:56,14.75,S,700
09:44:56,14.75,S,200
09:44:57,14.75,B,700
09:44:57,14.75,B,1000
09:44:57,14.75,B,1000
09:44:57,14.75,B,2000
09:44:57,14.74,S,1400
09:44:57,14.74,S,1600
09:44:58,14.75,B,20000
09:44:59,14.74,S,1000
09:44:59,14.75,B,1700
09:45:01,14.75,B,6500
09:45:02,14.74,S,900
09:45:02,14.75,B,200
09:45:02,14.74,S,200
09:45:03,14.74,S,4
09:45:03,14.75,B,6900
09:45:03,14.75,B,10000
09:45:03,14.75,B,10000
09:45:03,14.75,B,300
09:45:03,14.75,B,17800
09:45:04,14.75,B,500
09:45:04,14.75,B,500
09:45:04,14.74,S,200
09:45:05,14.74,S,96
09:45:05,14.74,S,300
09:45:05,14.74,S,304
09:45:05,14.75,B,2000
09:45:05,14.74,S,1696
09:45:05,14.74,S,2000
09:45:05,14.74,S,5000
09:45:05,14.74,S,900
09:45:05,14.74,S,700
09:45:05,14.74,S,700
09:45:05,14.74,S,100
09:45:05,14.74,S,500
09:45:05,14.74,S,1904
09:45:05,14.75,B,600
09:45:06,14.75,B,2000
09:45:06,14.75,B,13500
09:45:06,14.75,B,3000
09:45:06,14.75,B,200
09:45:06,14.74,S,200
09:45:06,14.75,B,2000
09:45:06,14.75,B,400
09:45:06,14.75,B,500
09:45:07,14.75,B,10000
09:45:07,14.74,S,300
09:45:07,14.75,B,1400
09:45:07,14.75,B,3100
09:45:07,14.75,B,4500
09:45:07,14.75,B,500
09:45:08,14.75,B,2200
09:45:08,14.75,B,300
09:45:08,14.75,B,700
09:45:08,14.75,B,100
09:45:08,14.75,B,200
09:45:08,14.75,B,300
09:45:09,14.75,B,6300
09:45:09,14.75,B,1000
09:45:09,14.75,B,500
09:45:09,14.75,B,1000
09:45:09,14.74,S,596
09:45:09,14.74,S,404
09:45:10,14.75,B,1000
09:45:10,14.75,B,1000
09:45:11,14.75,B,2800
09:45:11,14.75,B,1000
09:45:11,14.75,B,1000
09:45:11,14.75,B,2400
09:45:11,14.74,S,796
09:45:11,14.74,S,3300
09:45:11,14.74,S,200
09:45:11,14.74,S,2904
09:45:11,14.74,S,700
09:45:12,14.75,B,400
09:45:12,14.75,B,600
09:45:12,14.75,B,5000
09:45:12,14.75,B,800
09:45:12,14.75,B,1000
09:45:12,14.75,B,700
09:45:12,14.75,B,1100
09:45:12,14.75,B,100
09:45:12,14.75,B,500
09:45:12,14.75,B,10000
09:45:12,14.75,B,600
09:45:12,14.75,B,2500
09:45:12,14.75,B,400
09:45:12,14.75,B,600
09:45:12,14.75,B,1000
09:45:12,14.75,B,2300
09:45:12,14.75,B,1000
09:45:12,14.75,B,1000
09:45:12,14.75,B,6000
09:45:12,14.75,B,1800
09:45:12,14.75,B,2100
09:45:12,14.75,B,500
09:45:12,14.75,B,1000
09:45:12,14.75,B,1000
09:45:12,14.75,B,4000
09:45:12,14.75,B,500
09:45:12,14.75,B,500
09:45:12,14.75,B,2000
09:45:12,14.75,B,500
09:45:12,14.75,B,1000
09:45:12,14.75,B,500
09:45:12,14.75,B,200
09:45:12,14.75,B,5000
09:45:12,14.75,B,500
09:45:12,14.75,B,3000
09:45:12,14.75,B,6300
09:45:12,14.75,B,19400
09:45:13,14.74,S,1000
09:45:13,14.74,S,6000
09:45:14,14.74,S,596
09:45:14,14.74,S,100
09:45:14,14.74,S,304
09:45:14,14.75,B,4600
09:45:14,14.75,B,5000
09:45:14,14.75,B,1700
09:45:14,14.75,B,600
09:45:14,14.75,B,500
09:45:14,14.75,B,200
09:45:14,14.75,B,10000
09:45:14,14.76,B,7400
09:45:14,14.74,S,1696
09:45:16,14.74,B,500
09:45:16,14.74,B,804
09:45:16,14.74,B,4196
09:45:17,14.74,B,2000
09:45:17,14.74,B,100
09:45:17,14.74,B,100
09:45:17,14.74,B,300
09:45:17,14.74,B,1000
09:45:18,14.74,B,300
09:45:19,14.74,B,100
09:45:19,14.74,B,2000
09:45:20,14.74,B,104
09:45:20,14.74,B,600
09:45:20,14.74,B,400
09:45:20,14.74,B,5496
09:45:20,14.74,B,500
09:45:20,14.74,B,1300
09:45:20,14.74,B,100
09:45:21,14.74,B,4204
09:45:21,14.74,B,796
09:45:21,14.74,B,1500
09:45:21,14.74,B,1000
09:45:21,14.73,S,100
09:45:21,14.74,B,100
09:45:22,14.74,B,1604
09:45:22,14.74,B,1000
09:45:22,14.74,B,396
09:45:22,14.74,B,800
09:45:22,14.74,B,1000
09:45:26,14.74,B,804
09:45:26,14.74,B,500
09:45:26,14.74,B,600
09:45:26,14.74,B,96
09:45:26,14.74,B,604
09:45:26,14.74,B,96
09:45:27,14.73,S,200
09:45:27,14.73,S,200
09:45:27,14.73,S,3000
09:45:27,14.73,S,100
09:45:27,14.73,S,10000
09:45:27,14.73,S,300
09:45:27,14.73,S,300
09:45:28,14.73,S,200
09:45:28,14.73,S,2000
09:45:28,14.73,S,300
09:45:28,14.73,S,500
09:45:28,14.73,S,200
09:45:28,14.73,S,900
09:45:28,14.73,S,100
09:45:28,14.73,S,800
09:45:28,14.73,S,100
09:45:28,14.74,B,600
09:45:31,14.74,B,500
09:45:31,14.74,B,500
09:45:32,14.74,B,300
09:45:33,14.74,B,200
09:45:33,14.74,B,304
09:45:33,14.74,B,1000
09:45:33,14.74,B,1100
09:45:33,14.74,B,96
09:45:33,14.73,S,100
09:45:34,14.74,B,300
09:45:35,14.74,B,6504
09:45:35,14.74,B,500
09:45:35,14.74,B,500
09:45:35,14.74,B,800
09:45:35,14.74,B,200
09:45:35,14.74,B,1496
09:45:36,14.73,S,100
09:45:36,14.73,S,900
09:45:36,14.73,S,1000
09:45:36,14.74,B,504
09:45:36,14.74,B,200
09:45:36,14.74,B,2200
09:45:36,14.74,B,500
09:45:36,14.74,B,6596
09:45:37,14.74,B,3100
09:45:38,14.73,S,1000
09:45:38,14.73,S,300
09:45:38,14.74,B,8800
09:45:38,14.74,B,1600
09:45:39,14.73,S,300
09:45:40,14.73,S,5000
09:45:40,14.74,B,2000
09:45:41,14.73,S,3400
09:45:41,14.73,S,100
09:45:41,14.73,S,500
09:45:42,14.73,S,900
09:45:42,14.73,S,100
09:45:42,14.73,S,900
09:45:42,14.73,S,200
09:45:42,14.73,S,100
09:45:42,14.73,S,1700
09:45:43,14.73,S,300
09:45:44,14.73,S,200
09:45:45,14.73,S,800
09:45:45,14.73,S,500
09:45:45,14.73,S,4700
09:45:46,14.74,B,1100
09:45:46,14.73,S,100
09:45:46,14.73,S,100
09:45:46,14.73,S,1900
09:45:46,14.73,S,108
09:45:46,14.74,B,500
09:45:46,14.74,B,900
09:45:47,14.73,S,892
09:45:47,14.73,S,100
09:45:47,14.73,B,300
09:45:47,14.72,S,100
09:45:48,14.73,B,3000
09:45:49,14.73,B,200
09:45:49,14.72,S,100
09:45:50,14.73,B,1000
09:45:50,14.73,B,2000
09:45:51,14.72,S,2400
09:45:53,14.72,S,1000
09:45:53,14.73,B,100
09:45:54,14.73,B,1408
09:45:54,14.73,B,2000
09:45:54,14.73,B,5992
09:45:54,14.73,B,1000
09:45:55,14.73,B,10000
09:45:56,14.72,S,1000
09:45:57,14.72,S,800
09:45:59,14.73,B,1200
09:46:00,14.73,B,3000
09:46:01,14.73,B,700
09:46:01,14.72,S,3000
09:46:01,14.73,B,200
09:46:02,14.73,B,2908
09:46:02,14.73,B,500
09:46:02,14.73,B,1592
09:46:02,14.72,S,7981
09:46:02,14.72,S,300
09:46:02,14.72,S,500
09:46:02,14.72,S,1000
09:46:02,14.72,S,2100
09:46:02,14.72,S,100
09:46:02,14.72,S,200
09:46:02,14.72,S,500
09:46:02,14.72,S,3000
09:46:02,14.72,S,2000
09:46:02,14.72,S,100
09:46:02,14.72,S,1300
09:46:02,14.72,S,319
09:46:03,14.72,S,1681
09:46:03,14.72,S,319
09:46:03,14.72,S,600
09:46:05,14.72,S,81
09:46:05,14.72,S,100
09:46:05,14.72,S,400
09:46:05,14.72,S,19
09:46:05,14.72,S,81
09:46:05,14.71,S,119
09:46:08,14.71,S,500
09:46:09,14.72,B,1000
09:46:09,14.71,S,626
09:46:09,14.71,S,900
09:46:09,14.71,S,500
09:46:09,14.71,S,374
09:46:11,14.72,B,200
09:46:12,14.72,B,500
09:46:12,14.72,B,1300
09:46:14,14.72,B,400
09:46:16,14.72,B,10100
09:46:16,14.72,B,1000
09:46:16,14.72,B,2400
09:46:16,14.72,B,400
09:46:16,14.72,B,2800
09:46:16,14.71,S,1626
09:46:16,14.71,S,1000
09:46:16,14.71,S,900
09:46:16,14.71,S,100
09:46:16,14.71,S,100
09:46:16,14.71,S,474
09:46:16,14.71,S,326
09:46:16,14.71,S,2774
09:46:16,14.71,S,926
09:46:16,14.71,S,1000
09:46:16,14.71,S,1000
09:46:16,14.71,S,200
09:46:16,14.71,S,1000
09:46:16,14.71,S,1000
09:46:16,14.71,S,2500
09:46:16,14.71,S,800
09:46:16,14.71,S,700
09:46:16,14.71,S,1000
09:46:16,14.71,S,3644
09:46:17,14.72,B,700
09:46:18,14.72,B,1100
09:46:18,14.71,S,700
09:46:18,14.72,B,100
09:46:19,14.71,S,100
09:46:19,14.72,B,300
09:46:19,14.72,B,100
09:46:19,14.72,B,300
09:46:19,14.71,S,556
09:46:19,14.71,S,400
09:46:19,14.71,S,744
09:46:21,14.71,S,256
09:46:21,14.71,S,244
09:46:21,14.72,B,2000
09:46:21,14.71,S,656
09:46:21,14.71,S,100
09:46:21,14.71,S,100
09:46:21,14.71,S,144
09:46:22,14.72,B,300
09:46:22,14.71,S,856
09:46:24,14.7,S,16800
09:46:24,14.71,B,800
09:46:24,14.71,B,5300
09:46:25,14.71,B,500
09:46:25,14.71,B,100
09:46:25,14.7,S,1000
09:46:26,14.7,S,2400
09:46:26,14.71,B,5944
09:46:26,14.71,B,2000
09:46:26,14.71,B,1000
09:46:26,14.72,B,500
09:46:27,14.72,B,900
09:46:27,14.72,B,200
09:46:27,14.72,B,100
09:46:27,14.72,B,1000
09:46:27,14.72,B,400
09:46:27,14.71,S,8400
09:46:28,14.71,S,2400
09:46:28,14.71,S,500
09:46:28,14.71,S,200
09:46:28,14.71,S,19556
09:46:28,14.71,S,3100
09:46:28,14.71,S,100
09:46:29,14.7,S,800
09:46:29,14.7,S,1700
09:46:29,14.71,B,400
09:46:30,14.7,S,1000
09:46:30,14.7,S,2800
09:46:30,14.7,S,2200
09:46:31,14.71,B,400
09:46:31,14.7,S,4200
09:46:31,14.7,S,3400
09:46:33,14.7,S,4400
09:46:33,14.7,S,1100
09:46:33,14.7,S,3400
09:46:33,14.7,S,2200
09:46:33,14.7,S,4200
09:46:33,14.71,B,100
09:46:34,14.7,S,4400
09:46:34,14.7,S,4200
09:46:35,14.7,S,1200
09:46:35,14.7,S,1200
09:46:36,14.7,S,4200
09:46:36,14.7,S,2400
09:46:36,14.7,S,12600
09:46:36,14.7,S,621
09:46:36,14.7,S,1079
09:46:36,14.71,B,1244
09:46:36,14.71,B,30900
09:46:36,14.71,B,2000
09:46:36,14.71,B,2000
09:46:36,14.71,B,1000
09:46:36,14.71,B,100
09:46:36,14.71,B,1000
09:46:36,14.71,B,21000
09:46:36,14.71,B,4800
09:46:36,14.71,B,500
09:46:36,14.71,B,500
09:46:36,14.71,B,1600
09:46:36,14.71,B,7700
09:46:36,14.71,B,2000
09:46:36,14.71,B,20000
09:46:36,14.71,B,3656
09:46:36,14.71,B,500
09:46:37,14.71,B,644
09:46:37,14.71,B,356
09:46:37,14.7,S,2400
09:46:37,14.7,S,3300
09:46:37,14.71,B,444
09:46:37,14.71,B,56
09:46:37,14.7,S,1700
09:46:37,14.7,S,2200
09:46:38,14.71,B,444
09:46:38,14.71,B,4900
09:46:38,14.71,B,2400
09:46:38,14.72,B,600
09:46:38,14.72,B,1100
09:46:38,14.72,B,456
09:46:38,14.7,S,1800
09:46:38,14.7,S,4200
09:46:38,14.72,B,44
09:46:38,14.72,B,500
09:46:38,14.72,B,1000
09:46:38,14.72,B,2200
09:46:38,14.72,B,500
09:46:38,14.72,B,25756
09:46:39,14.7,S,1700
09:46:39,14.7,S,1700
09:46:39,14.71,B,800
09:46:40,14.7,S,4200
09:46:40,14.7,S,2400
09:46:40,14.71,B,1000
09:46:40,14.71,B,200
09:46:40,14.71,B,1500
09:46:40,14.71,B,1300
09:46:41,14.7,S,1000
09:46:41,14.7,S,400
09:46:41,14.71,B,400
09:46:41,14.71,S,300
09:46:41,14.71,S,1800
09:46:41,14.7,S,2321
09:46:41,14.7,S,300
09:46:41,14.7,S,200
09:46:41,14.7,S,1000
09:46:41,14.7,S,500
09:46:41,14.7,S,5000
09:46:41,14.7,S,879
09:46:42,14.7,S,121
09:46:42,14.7,S,500
09:46:42,14.7,S,200
09:46:42,14.7,S,179
09:46:43,14.7,S,21
09:46:43,14.7,S,100
09:46:43,14.7,S,1000
09:46:43,14.7,S,400
09:46:43,14.7,S,300
09:46:43,14.7,S,179
09:46:43,14.71,B,300
09:46:44,14.71,B,1700
09:46:44,14.71,B,1000
09:46:44,14.71,B,1000
09:46:44,14.72,B,1300
09:46:45,14.72,B,1000
09:46:46,14.7,S,521
09:46:46,14.7,S,200
09:46:46,14.7,S,1000
09:46:46,14.7,S,100
09:46:46,14.7,S,200
09:46:46,14.7,S,379
09:46:46,14.7,S,121
09:46:46,14.7,S,1000
09:46:46,14.7,S,500
09:46:46,14.7,S,379
09:46:46,14.7,S,121
09:46:46,14.7,S,500
09:46:46,14.7,S,200
09:46:46,14.7,S,2000
09:46:47,14.7,B,1000
09:46:47,14.69,S,500
09:46:47,14.69,S,500
09:46:47,14.69,S,200
09:46:47,14.7,B,4300
09:46:48,14.7,B,2000
09:46:48,14.7,B,279
09:46:48,14.71,B,1000
09:46:48,14.71,B,3000
09:46:48,14.72,B,5621
09:46:49,14.7,B,800
09:46:50,14.72,B,500
09:46:50,14.71,S,200
09:46:50,14.71,S,1500
09:46:50,14.71,S,800
09:46:51,14.71,S,500
09:46:51,14.71,S,1200
09:46:51,14.71,S,1500
09:46:51,14.7,S,10000
09:46:53,14.7,B,300
09:46:53,14.7,B,500
09:46:53,14.7,B,500
09:46:53,14.7,B,500
09:46:53,14.7,B,500
09:46:54,14.7,B,400
09:46:54,14.7,B,4200
09:46:55,14.7,B,900
09:46:55,14.7,B,500
09:46:55,14.7,B,1200
09:46:55,14.7,B,200
09:46:55,14.7,B,1200
09:46:55,14.7,B,1000
09:46:55,14.7,B,800
09:46:55,14.7,B,200
09:46:55,14.7,B,1500
09:46:55,14.71,B,800
09:46:55,14.72,B,1600
09:46:55,14.69,S,100
09:46:55,14.72,B,1000
09:46:57,14.69,S,300
09:46:58,14.69,S,400
09:46:58,14.71,B,400
09:46:58,14.72,B,1900
09:47:00,14.7,B,300
09:47:01,14.7,B,500
09:47:02,14.7,B,900
09:47:02,14.7,B,100
09:47:02,14.7,B,300
09:47:02,14.7,B,700
09:47:02,14.69,S,1700
09:47:02,14.69,S,2400
09:47:02,14.7,B,300
09:47:02,14.7,B,1700
09:47:03,14.7,B,300
09:47:03,14.7,B,700
09:47:03,14.7,B,500
09:47:04,14.71,B,200
09:47:04,14.71,B,600
09:47:04,14.7,S,1000
09:47:04,14.7,S,2100
09:47:04,14.7,S,700
09:47:04,14.69,S,8000
09:47:06,14.69,S,300
09:47:06,14.71,B,300
09:47:06,14.71,B,700
09:47:07,14.7,S,100
09:47:10,14.7,S,300
09:47:10,14.7,S,100
09:47:10,14.7,S,300
09:47:10,14.7,S,500
09:47:10,14.7,S,1000
09:47:10,14.7,B,300
09:47:11,14.69,S,2900
09:47:12,14.7,B,500
09:47:12,14.7,B,100
09:47:13,14.69,S,10800
09:47:13,14.7,B,400
09:47:14,14.7,B,100
09:47:15,14.7,B,1400
09:47:15,14.7,B,1600
09:47:15,14.7,B,300
09:47:16,14.7,B,700
09:47:16,14.7,B,100
09:47:16,14.69,S,2000
09:47:17,14.7,B,100
09:47:17,14.7,B,500
09:47:18,14.7,B,100
09:47:19,14.7,B,900
09:47:19,14.7,B,3100
09:47:21,14.69,S,1700
09:47:22,14.7,B,500
09:47:22,14.69,S,2000
09:47:23,14.69,S,17200
09:47:23,14.69,S,1000
09:47:23,14.69,S,500
09:47:23,14.69,S,800
09:47:23,14.69,S,1500
09:47:23,14.69,S,1000
09:47:23,14.69,S,200
09:47:23,14.69,S,200
09:47:23,14.69,S,1000
09:47:23,14.69,S,200
09:47:23,14.69,S,100
09:47:23,14.69,S,1900
09:47:23,14.69,S,1100
09:47:23,14.69,S,300
09:47:23,14.69,S,100
09:47:23,14.68,S,900
09:47:26,14.69,B,100
09:47:28,14.69,B,300
09:47:28,14.69,B,1000
09:47:28,14.69,B,600
09:47:29,14.69,B,200
09:47:29,14.69,B,500
09:47:30,14.69,B,1000
09:47:30,14.69,B,10000
09:47:30,14.68,S,100
09:47:30,14.68,S,200
09:47:30,14.68,S,100
09:47:30,14.68,S,300
09:47:30,14.68,S,10000
09:47:30,14.68,S,5000
09:47:30,14.68,S,500
09:47:30,14.68,S,3600
09:47:30,14.69,B,6000
09:47:32,14.69,B,900
09:47:33,14.68,S,2000
09:47:33,14.69,B,3500
09:47:33,14.69,B,1000
09:47:34,14.69,B,2000
09:47:35,14.69,B,100
09:47:35,14.69,B,100
09:47:38,14.68,S,900
09:47:38,14.68,S,3500
09:47:38,14.68,S,1000
09:47:38,14.68,S,5700
09:47:38,14.68,S,500
09:47:38,14.68,S,1000
09:47:38,14.68,S,500
09:47:38,14.68,B,500
09:47:39,14.68,B,100
09:47:39,14.67,S,200
09:47:39,14.67,S,500
09:47:39,14.67,S,2000
09:47:39,14.67,S,3300
09:47:39,14.68,B,1500
09:47:39,14.68,B,600
09:47:40,14.68,B,35000
09:47:41,14.68,B,600
09:47:42,14.68,B,900
09:47:42,14.69,B,1300
09:47:43,14.67,S,1700
09:47:43,14.69,B,200
09:47:44,14.68,S,2400
09:47:45,14.69,B,500
09:47:46,14.69,B,1000
09:47:47,14.69,B,2000
09:47:47,14.69,B,500
09:47:47,14.69,B,1000
09:47:48,14.68,S,300
09:47:49,14.68,S,2300
09:47:49,14.69,B,1000
09:47:50,14.69,B,3000
09:47:50,14.69,B,2700
09:47:52,14.68,S,21200
09:47:52,14.69,B,100
09:47:52,14.68,S,1700
09:47:53,14.69,B,400
09:47:53,14.69,B,700
09:47:53,14.69,B,200
09:47:53,14.69,B,100
09:47:53,14.69,B,600
09:47:53,14.68,S,1000
09:47:55,14.68,S,1100
09:47:55,14.68,S,100
09:47:55,14.68,S,100
09:47:55,14.68,S,200
09:47:55,14.68,S,2000
09:47:55,14.68,S,1400
09:47:55,14.68,S,600
09:47:55,14.68,S,200
09:47:55,14.68,S,2500
09:47:56,14.68,S,10000
09:47:56,14.68,S,500
09:47:56,14.68,S,500
09:47:58,14.67,S,5000
09:47:58,14.67,S,2000
09:47:58,14.67,S,1000
09:47:58,14.67,S,300
09:47:58,14.67,S,10000
09:47:58,14.67,S,100
09:47:58,14.67,S,5000
09:47:58,14.67,S,400
09:47:58,14.67,S,500
09:47:58,14.67,S,1200
09:47:59,14.68,B,1000
09:48:00,14.68,B,100
09:48:00,14.68,B,1600
09:48:00,14.68,B,2400
09:48:00,14.68,B,2000
09:48:00,14.68,B,6000
09:48:00,14.68,B,1200
09:48:00,14.68,B,3000
09:48:01,14.69,B,500
09:48:03,14.68,S,700
09:48:03,14.68,S,2000
09:48:04,14.69,B,500
09:48:05,14.68,S,100
09:48:06,14.69,B,400
09:48:06,14.69,B,100
09:48:07,14.68,S,500
09:48:08,14.68,S,500
09:48:08,14.68,S,600
09:48:09,14.68,S,9900
09:48:09,14.68,S,2000
09:48:09,14.68,S,200
09:48:09,14.68,S,300
09:48:09,14.68,S,700
09:48:09,14.68,S,300
09:48:09,14.68,S,500
09:48:09,14.68,S,2500
09:48:09,14.68,S,100
09:48:09,14.68,S,100
09:48:09,14.68,S,100
09:48:09,14.68,S,100
09:48:09,14.68,S,1000
09:48:09,14.68,S,1000
09:48:09,14.68,S,200
09:48:10,14.68,B,500
09:48:12,14.68,B,3000
09:48:13,14.68,B,100
09:48:13,14.69,B,400
09:48:13,14.68,S,600
09:48:15,14.67,S,2800
09:48:15,14.67,S,1500
09:48:15,14.67,S,500
09:48:15,14.67,S,6900
09:48:15,14.68,B,800
09:48:16,14.67,S,10000
09:48:16,14.68,B,100
09:48:17,14.68,B,500
09:48:17,14.68,B,2000
09:48:17,14.68,B,200
09:48:17,14.69,B,14600
09:48:17,14.69,B,2500
09:48:17,14.69,B,1000
09:48:17,14.69,B,1000
09:48:17,14.69,B,100
09:48:17,14.69,B,1600
09:48:17,14.69,S,100
09:48:19,14.69,S,20000
09:48:20,14.69,S,1000
09:48:21,14.69,S,14300
09:48:21,14.69,S,100
09:48:21,14.69,S,1000
09:48:21,14.69,S,1000
09:48:21,14.68,S,300
09:48:21,14.68,S,1000
09:48:21,14.68,S,100
09:48:21,14.68,S,100
09:48:22,14.68,S,300
09:48:22,14.67,S,100
09:48:25,14.68,S,100
09:48:25,14.68,S,500
09:48:25,14.68,S,1000
09:48:25,14.68,B,400
09:48:26,14.68,B,700
09:48:26,14.68,B,100
09:48:27,14.68,B,2000
09:48:27,14.67,S,1900
09:48:27,14.68,B,1200
09:48:27,14.68,B,200
09:48:27,14.69,B,600
09:48:28,14.69,B,400
09:48:28,14.69,B,100
09:48:28,14.7,B,500
09:48:29,14.69,S,1000
09:48:31,14.69,S,1000
09:48:31,14.69,S,100
09:48:31,14.68,S,1200
09:48:31,14.68,S,700
09:48:31,14.68,S,4500
09:48:31,14.68,S,200
09:48:31,14.68,B,500
09:48:31,14.68,B,500
09:48:31,14.68,B,100
09:48:32,14.68,B,400
09:48:32,14.68,B,3000
09:48:33,14.68,B,400
09:48:33,14.68,B,300
09:48:33,14.7,B,700
09:48:33,14.67,S,2000
09:48:34,14.68,B,600
09:48:35,14.69,B,1000
09:48:38,14.68,S,1100
09:48:38,14.69,B,500
09:48:40,14.68,S,4200
09:48:41,14.69,B,1100
09:48:42,14.69,B,4800
09:48:43,14.69,B,8200
09:48:43,14.69,B,200
09:48:43,14.69,B,2200
09:48:43,14.69,B,300
09:48:43,14.69,B,300
09:48:43,14.7,B,1500
09:48:43,14.7,B,600
09:48:43,14.7,B,4400
09:48:43,14.68,S,4000
09:48:43,14.7,B,600
09:48:43,14.7,B,1800
09:48:44,14.7,B,4200
09:48:44,14.7,B,2000
09:48:44,14.7,B,1000
09:48:44,14.7,B,1200
09:48:44,14.7,B,1800
09:48:44,14.7,B,400
09:48:44,14.7,B,100
09:48:44,14.7,B,3900
09:48:44,14.7,B,500
09:48:44,14.7,B,300
09:48:45,14.69,B,1000
09:48:45,14.7,B,1000
09:48:45,14.7,B,500
09:48:45,14.7,B,400
09:48:45,14.71,B,4300
09:48:45,14.71,B,1200
09:48:45,14.71,B,800
09:48:45,14.71,B,1600
09:48:45,14.71,B,500
09:48:45,14.71,B,2000
09:48:45,14.71,B,1000
09:48:45,14.71,B,2000
09:48:45,14.71,B,500
09:48:45,14.71,B,300
09:48:45,14.71,B,200
09:48:45,14.72,B,1900
09:48:45,14.72,B,7200
09:48:45,14.69,S,500
09:48:46,14.69,S,300
09:48:46,14.72,B,12600
09:48:46,14.72,B,4200
09:48:47,14.72,B,15383
09:48:47,14.72,B,500
09:48:47,14.72,B,917
09:48:47,14.72,B,1083
09:48:47,14.72,B,400
09:48:47,14.72,B,1000
09:48:47,14.72,B,2200
09:48:47,14.72,B,200
09:48:47,14.72,B,500
09:48:47,14.72,B,1817
09:48:47,14.72,B,183
09:48:47,14.72,B,1600
09:48:47,14.72,B,1000
09:48:47,14.72,B,400
09:48:47,14.72,B,1600
09:48:47,14.72,B,1100
09:48:47,14.72,B,2500
09:48:47,14.72,B,2300
09:48:47,14.72,B,1917
09:48:47,14.72,B,83
09:48:47,14.72,B,2000
09:48:47,14.72,B,117
09:48:47,14.71,S,100
09:48:48,14.72,B,383
09:48:48,14.72,B,900
09:48:48,14.72,B,3300
09:48:48,14.72,B,2400
09:48:48,14.72,B,1000
09:48:48,14.72,B,500
09:48:48,14.72,B,500
09:48:48,14.72,B,1500
09:48:48,14.72,B,500
09:48:48,14.72,B,1617
09:48:48,14.72,B,2200
09:48:48,14.72,B,1183
09:48:48,14.72,B,3617
09:48:48,14.72,B,1383
09:48:48,14.72,B,100
09:48:48,14.72,B,1000
09:48:48,14.72,B,1917
09:48:48,14.72,B,2200
09:48:48,14.72,B,1100
09:48:48,14.72,B,9783
09:48:48,14.73,B,2000
09:48:48,14.73,B,500
09:48:48,14.73,B,1000
09:48:48,14.73,B,1000
09:48:48,14.73,B,1000
09:48:48,14.73,B,1517
09:48:49,14.73,B,4200
09:48:49,14.73,B,2200
09:48:49,14.73,B,2200
09:48:49,14.73,B,2400
09:48:49,14.73,B,7200
09:48:50,14.73,B,4683
09:48:50,14.73,B,1000
09:48:50,14.73,B,1000
09:48:50,14.73,B,600
09:48:50,14.73,B,400
09:48:50,14.73,B,300
09:48:50,14.73,B,200
09:48:50,14.73,B,217
09:48:50,14.73,B,783
09:48:50,14.73,B,300
09:48:50,14.73,B,100
09:48:50,14.73,B,3617
09:48:50,14.73,B,11000
09:48:50,14.71,S,500
09:48:50,14.73,B,2483
09:48:50,14.73,B,1000
09:48:50,14.73,B,4917
09:48:51,14.73,B,83
09:48:51,14.73,B,1000
09:48:51,14.73,B,500
09:48:51,14.73,B,2617
09:48:51,14.73,B,2283
09:48:51,14.73,B,2000
09:48:51,14.73,B,1000
09:48:51,14.73,B,1000
09:48:51,14.73,B,600
09:48:51,14.73,B,1000
09:48:51,14.73,B,300
09:48:51,14.73,B,217
09:48:51,14.73,B,1083
09:48:51,14.73,B,300
09:48:51,14.73,B,100
09:48:51,14.73,B,2717
09:48:51,14.71,S,600
09:48:51,14.73,B,283
09:48:51,14.73,B,100
09:48:51,14.73,B,2017
09:48:52,14.71,S,1200
09:48:52,14.7,S,900
09:48:52,14.7,B,2400
09:48:52,14.7,B,1000
09:48:52,14.7,B,4200
09:48:53,14.7,B,300
09:48:53,14.7,B,1000
09:48:53,14.71,B,100
09:48:53,14.73,B,1000
09:48:53,14.73,B,3483
09:48:53,14.74,B,717
09:48:55,14.74,B,8887
09:48:55,14.74,B,2000
09:48:55,14.74,B,1200
09:48:55,14.74,B,500
09:48:55,14.74,B,13
09:48:55,14.74,B,587
09:48:55,14.74,B,2200
09:48:55,14.74,B,3000
09:48:55,14.74,B,400
09:48:55,14.74,B,1000
09:48:55,14.74,B,13
09:48:57,14.74,B,187
09:48:57,14.74,B,1700
09:48:57,14.74,B,100
09:48:57,14.74,B,500
09:48:57,14.74,B,1013
09:48:57,14.73,S,3500
09:48:59,14.73,S,500
09:49:00,14.73,S,2400
09:49:01,14.73,S,800
09:49:01,14.72,S,200
09:49:04,14.73,S,100
09:49:04,14.72,S,1480
09:49:08,14.72,S,100
09:49:09,14.73,B,2000
09:49:09,14.74,B,2600
09:49:11,14.73,B,100
09:49:11,14.73,B,500
09:49:12,14.72,S,200
09:49:12,14.72,S,500
09:49:12,14.73,B,500
09:49:12,14.74,B,1000
09:49:13,14.73,S,1700
09:49:13,14.73,S,800
09:49:13,14.73,S,400
09:49:13,14.73,S,100
09:49:14,14.74,B,2587
09:49:14,14.74,B,3213
09:49:14,14.74,B,1687
09:49:14,14.74,B,100
09:49:14,14.74,B,700
09:49:14,14.74,B,700
09:49:14,14.74,B,2000
09:49:14,14.74,B,700
09:49:14,14.74,B,4113
09:49:14,14.73,S,500
09:49:14,14.72,S,1200
09:49:15,14.74,B,1000
09:49:17,14.73,B,100
09:49:17,14.74,B,900
09:49:18,14.74,B,1400
09:49:19,14.73,B,400
09:49:19,14.73,B,400
09:49:19,14.74,B,2200
09:49:19,14.74,B,387
09:49:19,14.74,B,500
09:49:19,14.74,B,1500
09:49:19,14.74,B,1000
09:49:19,14.74,B,1400
09:49:19,14.74,B,14213
09:49:19,14.74,B,1000
09:49:20,14.74,B,800
09:49:21,14.74,B,1000
09:49:21,14.73,S,2000
09:49:21,14.72,S,6320
09:49:21,14.72,S,1000
09:49:21,14.72,S,680
09:49:23,14.73,B,500
09:49:24,14.73,B,100
09:49:25,14.72,S,500
09:49:26,14.72,S,1000
09:49:28,14.72,S,820
09:49:28,14.72,S,4400
09:49:28,14.72,B,180
09:49:29,14.72,S,500
09:49:30,14.72,S,400
09:49:31,14.72,S,500
09:49:31,14.73,B,1400
09:49:31,14.72,S,100
09:49:32,14.72,S,320
09:49:32,14.72,S,1000
09:49:32,14.72,B,700
09:49:33,14.71,S,5400
09:49:33,14.71,S,1000
09:49:33,14.7,S,200
09:49:33,14.7,S,300
09:49:33,14.7,S,600
09:49:33,14.7,S,200
09:49:33,14.7,S,3300
09:49:34,14.72,B,980
09:49:34,14.72,B,20
09:49:34,14.7,S,1700
09:49:34,14.7,S,1000
09:49:34,14.7,S,400
09:49:35,14.72,B,4980
09:49:35,14.72,B,400
09:49:35,14.73,B,3000
09:49:35,14.73,B,1000
09:49:35,14.73,B,1000
09:49:35,14.73,B,1120
09:49:36,14.72,S,200
09:49:40,14.72,S,100
09:49:42,14.73,B,1000
09:49:42,14.72,S,100
09:49:42,14.72,S,1300
09:49:43,14.72,S,200
09:49:43,14.72,S,300
09:49:43,14.72,S,300
09:49:43,14.72,S,700
09:49:43,14.72,S,1500
09:49:43,14.72,S,400
09:49:43,14.72,S,200
09:49:43,14.72,S,500
09:49:43,14.71,S,4900
09:49:43,14.71,S,1800
09:49:45,14.72,S,500
09:49:45,14.72,S,1000
09:49:46,14.71,S,1040
09:49:46,14.72,B,1000
09:49:47,14.72,B,200
09:49:47,14.72,B,1000
09:49:48,14.72,B,13500
09:49:48,14.72,B,300
09:49:48,14.71,S,1100
09:49:48,14.72,B,200
09:49:51,14.72,B,200
09:49:51,14.72,B,2000
09:49:52,14.72,B,1000
09:49:52,14.72,B,1000
09:49:52,14.72,B,400
09:49:53,14.72,B,700
09:49:53,14.72,B,1000
09:49:53,14.71,S,1060
09:49:53,14.71,S,111
09:49:54,14.72,B,600
09:49:55,14.72,B,200
09:49:56,14.72,B,300
09:49:56,14.72,B,100
09:49:58,14.71,S,1700
09:50:00,14.72,B,4800
09:50:00,14.72,B,200
09:50:00,14.72,B,1600
09:50:00,14.72,B,400
09:50:00,14.72,B,1500
09:50:00,14.72,B,100
09:50:00,14.72,B,400
09:50:00,14.72,B,600
09:50:01,14.72,B,200
09:50:01,14.72,B,1000
09:50:01,14.72,B,1100
09:50:01,14.72,B,1700
09:50:01,14.72,B,700
09:50:01,14.72,B,10000
09:50:01,14.72,B,7500
09:50:01,14.72,B,500
09:50:01,14.72,B,300
09:50:01,14.72,B,1200
09:50:03,14.73,B,600
09:50:03,14.72,S,2000
09:50:04,14.72,S,500
09:50:04,14.73,B,980
09:50:04,14.73,B,20
09:50:05,14.72,S,1200
09:50:05,14.73,B,1000
09:50:07,14.72,S,400
09:50:07,14.72,S,1000
09:50:08,14.72,S,400
09:50:08,14.72,S,2100
09:50:09,14.72,S,4000
09:50:10,14.72,S,1000
09:50:10,14.72,S,10000
09:50:10,14.72,S,200
09:50:11,14.72,S,600
09:50:11,14.72,S,100
09:50:12,14.72,S,200
09:50:12,14.72,S,2300
09:50:12,14.72,S,3200
09:50:12,14.72,S,1800
09:50:12,14.72,S,3200
09:50:12,14.72,S,1000
09:50:12,14.72,S,1500
09:50:12,14.72,S,1000
09:50:12,14.72,S,3300
09:50:14,14.73,B,5000
09:50:16,14.72,S,300
09:50:16,14.73,B,300
09:50:16,14.72,S,900
09:50:16,14.72,S,100
09:50:16,14.73,B,3680
09:50:16,14.73,B,1320
09:50:17,14.72,S,1000
09:50:18,14.72,S,800
09:50:19,14.73,B,680
09:50:19,14.73,B,1200
09:50:19,14.73,B,300
09:50:19,14.73,B,1200
09:50:19,14.73,B,1620
09:50:19,14.72,S,400
09:50:19,14.72,S,400
09:50:19,14.72,S,200
09:50:19,14.72,S,500
09:50:19,14.72,S,700
09:50:20,14.73,B,300
09:50:20,14.72,S,300
09:50:20,14.72,S,700
09:50:21,14.73,B,2280
09:50:21,14.73,B,500
09:50:21,14.73,B,400
09:50:21,14.73,B,200
09:50:21,14.73,B,2000
09:50:21,14.73,B,300
09:50:21,14.73,B,5000
09:50:21,14.73,B,400
09:50:21,14.74,B,620
09:50:22,14.72,S,1300
09:50:22,14.72,S,2100
09:50:22,14.72,S,700
09:50:22,14.71,S,900
09:50:22,14.72,B,100
09:50:22,14.72,B,400
09:50:23,14.73,S,1600
09:50:25,14.72,B,4200
09:50:26,14.72,B,100
09:50:26,14.72,B,700
09:50:26,14.73,B,3400
09:50:26,14.73,B,2000
09:50:26,14.73,B,1100
09:50:27,14.72,S,1200
09:50:29,14.73,B,1900
09:50:29,14.73,B,3000
09:50:29,14.72,S,200
09:50:30,14.73,B,400
09:50:31,14.73,B,1600
09:50:31,14.73,S,1000
09:50:32,14.73,S,300
09:50:33,14.73,S,3000
09:50:34,14.73,S,4100
09:50:34,14.73,S,1000
09:50:34,14.73,S,1600
09:50:34,14.72,S,8600
09:50:34,14.72,S,3000
09:50:34,14.72,B,19200
09:50:35,14.72,B,2000
09:50:36,14.72,B,3400
09:50:36,14.73,B,400
09:50:36,14.73,B,2000
09:50:36,14.74,B,6500
09:50:37,14.72,B,1200
09:50:39,14.73,S,400
09:50:39,14.73,S,1600
09:50:40,14.73,S,1000
09:50:41,14.73,B,1000
09:50:41,14.72,S,2200
09:50:41,14.72,B,7200
09:50:41,14.72,B,500
09:50:43,14.71,S,1700
09:50:45,14.72,B,800
09:50:45,14.72,B,7200
09:50:45,14.72,B,2100
09:50:45,14.72,B,100
09:50:45,14.72,B,500
09:50:45,14.73,B,9000
09:50:45,14.73,B,8300
09:50:46,14.72,S,500
09:50:48,14.72,S,300
09:50:48,14.72,S,1000
09:50:48,14.71,S,2589
09:50:48,14.71,S,811
09:50:50,14.72,S,100
09:50:50,14.73,B,1700
09:50:50,14.73,B,5500
09:50:51,14.73,B,2000
09:50:54,14.72,S,400
09:50:54,14.72,S,600
09:50:54,14.73,B,100
09:50:59,14.73,B,2400
09:50:59,14.73,B,1700
09:50:59,14.73,B,100
09:50:59,14.73,B,1000
09:50:59,14.73,B,8800
09:50:59,14.72,S,200
