Time,Price,BuySell,Volume
09:25:06,14.41,S,3200
09:25:06,14.41,S,600
09:25:06,14.41,S,50
09:25:06,14.41,S,1000
09:25:06,14.41,S,150
09:25:06,14.41,S,800
09:25:06,14.41,S,2050
09:25:06,14.41,S,2100
09:25:06,14.41,S,500
09:25:06,14.41,S,350
09:25:06,14.41,B,1200
09:25:06,14.41,B,500
09:25:06,14.41,S,100
09:25:06,14.41,B,1300
09:25:06,14.41,S,3050
09:25:06,14.41,S,800
09:25:06,14.41,B,100
09:25:06,14.41,S,200
09:25:06,14.41,S,100
09:25:06,14.41,S,200
09:25:06,14.41,S,400
09:25:06,14.41,S,400
09:25:06,14.41,B,800
09:25:06,14.41,S,600
09:25:06,14.41,S,100
09:25:06,14.41,S,150
09:25:06,14.41,B,550
09:25:06,14.41,B,1300
09:25:06,14.41,S,450
09:25:06,14.41,S,1500
09:25:06,14.41,S,1300
09:25:06,14.41,S,800
09:25:06,14.41,S,500
09:25:06,14.41,S,1000
09:25:06,14.41,S,1000
09:25:06,14.41,S,1000
09:25:06,14.41,S,10000
09:25:06,14.41,S,100
09:25:06,14.41,S,1000
09:25:06,14.41,S,300
09:25:06,14.41,S,5350
09:25:06,14.41,B,100
09:25:06,14.41,S,400
09:25:06,14.41,S,400
09:25:06,14.41,S,400
09:25:06,14.41,S,3000
09:25:06,14.41,S,10000
09:25:06,14.41,B,350
09:25:06,14.41,S,100
09:25:06,14.41,S,500
09:25:06,14.41,S,100
09:25:06,14.41,S,400
09:25:06,14.41,S,550
09:25:06,14.41,S,1000
09:25:06,14.41,B,300
09:25:06,14.41,S,2750
09:25:06,14.41,B,1000
09:25:06,14.41,B,2000
09:25:06,14.41,B,300
09:25:06,14.41,B,5000
09:25:06,14.41,B,2750
09:25:06,14.41,B,700
09:25:06,14.41,B,400
09:25:06,14.41,S,900
09:25:06,14.41,B,800
09:25:06,14.41,B,4450
09:25:06,14.41,B,300
09:25:06,14.41,B,900
09:25:06,14.41,S,500
09:25:06,14.41,S,200
09:25:06,14.41,S,400
09:25:06,14.41,S,200
09:25:06,14.41,S,800
09:25:06,14.41,S,2000
09:25:06,14.41,S,1000
09:25:06,14.41,S,300
09:25:06,14.41,S,3300
09:25:06,14.41,B,500
09:25:06,14.41,B,100
09:25:06,14.41,B,1000
09:25:06,14.41,B,750
09:25:06,14.41,B,250
09:25:06,14.41,S,250
09:25:06,14.41,S,300
09:25:06,14.41,S,1450
09:25:06,14.41,S,100
09:25:06,14.41,S,700
09:25:06,14.41,S,100
09:25:06,14.41,S,100
09:25:06,14.41,S,300
09:25:06,14.41,S,8000
09:25:06,14.41,S,2250
09:25:06,14.41,S,200
09:25:06,14.41,S,2600
09:25:06,14.41,S,200
09:25:06,14.41,B,100
09:25:06,14.41,S,200
09:25:06,14.41,S,100
09:25:06,14.41,S,600
09:25:06,14.41,S,3000
09:25:06,14.41,S,300
09:25:06,14.41,B,100
09:25:06,14.41,S,300
09:25:06,14.41,S,50
09:25:06,14.41,S,150
09:25:06,14.41,S,350
09:25:06,14.41,S,900
09:25:06,14.41,S,100
09:25:06,14.41,S,100
09:25:06,14.41,S,550
09:25:06,14.41,S,500
09:25:06,14.41,S,700
09:25:06,14.41,S,100
09:25:06,14.41,S,2400
09:25:06,14.41,S,150
09:25:06,14.41,S,50
09:25:06,14.41,S,50
09:25:06,14.41,S,650
09:25:06,14.41,S,1350
09:25:06,14.41,S,150
09:25:06,14.41,S,200
09:25:06,14.41,S,100
09:25:06,14.41,S,200
09:25:06,14.41,S,1150
09:25:06,14.41,S,100
09:25:06,14.41,S,100
09:25:06,14.41,S,300
09:25:06,14.41,S,100
09:25:06,14.41,S,200
09:25:06,14.41,S,50
09:25:06,14.41,S,100
09:25:06,14.41,S,100
09:25:06,14.41,S,50
09:25:06,14.41,S,950
09:25:06,14.41,S,1350
09:25:06,14.41,S,300
09:25:06,14.41,S,200
09:25:06,14.41,S,500
09:25:06,14.41,S,500
09:25:06,14.41,S,100
09:25:06,14.41,S,3000
09:25:06,14.41,S,100
09:25:06,14.41,S,400
09:25:06,14.41,S,200
09:25:06,14.41,S,500
09:25:06,14.41,S,300
09:25:06,14.41,S,500
09:25:06,14.41,S,950
09:25:06,14.41,S,450
09:25:06,14.41,S,800
09:25:06,14.41,S,100
09:25:06,14.41,S,1000
09:25:06,14.41,S,100
09:25:06,14.41,S,200
09:25:06,14.41,S,2000
09:25:06,14.41,S,400
09:25:06,14.41,S,100
09:25:06,14.41,S,5000
09:25:06,14.41,S,700
09:25:06,14.41,S,100
09:25:06,14.41,S,4600
09:25:06,14.41,S,1000
09:25:06,14.41,S,300
09:25:06,14.41,S,100
09:25:06,14.41,S,200
09:25:06,14.41,S,100
09:25:06,14.41,S,100
09:25:06,14.41,S,700
09:25:06,14.41,S,100
09:25:06,14.41,S,200
09:25:06,14.41,S,300
09:25:06,14.41,S,1400
09:25:06,14.41,S,400
09:25:06,14.41,S,5000
09:25:06,14.41,S,500
09:25:06,14.41,S,100
09:25:06,14.41,S,1500
09:25:06,14.41,S,500
09:25:06,14.41,S,100
09:25:06,14.41,S,1600
09:25:06,14.41,S,5000
09:25:06,14.41,S,650
09:25:06,14.41,S,750
09:25:06,14.41,S,400
09:25:06,14.41,S,200
09:25:06,14.41,S,500
09:25:06,14.41,S,200
09:25:06,14.41,S,100
09:25:06,14.41,S,3600
09:25:06,14.41,S,200
09:25:06,14.41,S,500
09:25:06,14.41,S,1000
09:25:06,14.41,S,4200
09:25:06,14.41,S,2000
09:25:06,14.41,S,2000
09:25:06,14.41,S,1000
09:25:06,14.41,S,100
09:25:06,14.41,S,1000
09:25:06,14.41,S,100
09:25:06,14.41,S,100
09:25:06,14.41,S,200
09:25:06,14.41,S,150
09:25:06,14.41,S,4850
09:25:06,14.41,S,1450
09:25:06,14.41,S,6650
09:25:06,14.41,S,600
09:25:06,14.41,S,400
09:25:06,14.41,S,100
09:25:06,14.41,S,2100
09:25:06,14.41,S,200
09:25:06,14.41,S,500
09:25:06,14.41,S,200
09:25:06,14.41,S,100
09:25:06,14.41,S,4700
09:25:06,14.41,S,300
09:25:06,14.41,S,100
09:25:06,14.41,S,500
09:25:06,14.41,S,200
09:25:06,14.41,S,50
09:25:06,14.41,S,50
09:25:06,14.41,S,700
09:25:06,14.41,S,4000
09:25:06,14.41,S,1500
09:25:06,14.41,S,2000
09:25:06,14.41,S,10000
09:25:06,14.41,S,100
09:25:06,14.41,S,1000
09:25:06,14.41,S,200
09:25:06,14.41,S,3000
09:25:06,14.41,S,1000
09:25:06,14.41,S,200
09:25:06,14.41,S,100
09:25:06,14.41,S,450
09:25:06,14.41,S,150
09:25:06,14.41,S,500
09:25:06,14.41,S,400
09:25:06,14.41,S,200
09:25:06,14.41,S,30650
09:25:06,14.41,S,19350
09:25:06,14.41,S,100
09:25:06,14.41,S,3250
09:25:06,14.41,S,1750
09:25:06,14.41,S,900
09:25:06,14.41,S,300
09:25:06,14.41,S,5000
09:25:06,14.41,S,400
09:25:06,14.41,S,1000
09:25:06,14.41,S,200
09:25:06,14.41,S,600
09:25:06,14.41,S,500
09:25:06,14.41,S,1000
09:25:06,14.41,S,200
09:25:06,14.41,S,100
09:25:06,14.41,S,1000
09:25:06,14.41,S,300
09:25:06,14.41,S,200
09:25:06,14.41,S,200
09:25:06,14.41,S,300
09:25:06,14.41,S,500
09:25:06,14.41,S,500
09:25:06,14.41,S,700
09:25:06,14.41,S,1500
09:25:06,14.41,S,2000
09:25:06,14.41,S,700
09:25:06,14.41,S,300
09:25:06,14.41,S,300
09:25:06,14.41,S,100
09:25:06,14.41,S,100
09:25:06,14.41,S,1100
09:25:06,14.41,S,200
09:25:06,14.41,S,1000
09:25:06,14.41,S,500
09:25:06,14.41,S,300
09:25:06,14.41,S,3450
09:25:06,14.41,S,6550
09:25:06,14.41,S,100
09:25:06,14.41,S,1000
09:25:06,14.41,S,400
09:25:06,14.41,S,500
09:25:06,14.41,S,600
09:25:06,14.41,S,400
09:25:06,14.41,S,5050
09:25:06,14.41,S,4950
09:25:06,14.41,S,100
09:25:06,14.41,S,700
09:25:06,14.41,S,5000
09:25:06,14.41,S,500
09:25:06,14.41,S,1000
09:25:06,14.41,S,700
09:25:06,14.41,S,1000
09:25:06,14.41,S,200
09:25:06,14.41,S,600
09:25:06,14.41,S,650
09:25:06,14.41,S,1050
09:25:06,14.41,S,500
09:25:06,14.41,S,200
09:25:06,14.41,S,1000
09:25:06,14.41,S,1000
09:25:06,14.41,S,300
09:25:06,14.41,S,200
09:25:06,14.41,S,400
09:25:06,14.41,S,4000
09:25:06,14.41,S,100
09:25:06,14.41,S,300
09:25:06,14.41,S,500
09:25:06,14.41,S,1000
09:25:06,14.41,S,1000
09:25:06,14.41,S,1000
09:25:06,14.41,S,500
09:25:06,14.41,S,2000
09:25:06,14.41,S,300
09:25:06,14.41,S,100
09:25:06,14.41,S,100
09:25:06,14.41,S,3600
09:25:06,14.41,S,9800
09:25:06,14.41,S,1500
09:25:06,14.41,S,100
09:25:06,14.41,S,400
09:25:06,14.41,S,2750
09:25:06,14.41,S,6300
09:25:06,14.41,S,950
09:25:06,14.41,S,200
09:25:06,14.41,S,200
09:25:06,14.41,S,1000
09:25:06,14.41,S,1000
09:25:06,14.41,S,400
09:25:06,14.41,S,500
09:25:06,14.41,S,700
09:25:06,14.41,S,500
09:25:06,14.41,S,1400
09:25:06,14.41,S,300
09:25:06,14.41,S,26750
09:25:06,14.41,S,3250
09:25:06,14.41,S,700
09:25:06,14.41,S,1000
09:25:06,14.41,S,500
09:25:06,14.41,S,100
09:25:06,14.41,S,100
09:25:06,14.41,S,500
09:25:06,14.41,S,200
09:25:06,14.41,S,150
09:25:06,14.41,S,250
09:25:06,14.41,S,400
09:25:06,14.41,S,200
09:25:06,14.41,S,2000
09:25:06,14.41,S,500
09:25:06,14.41,S,1400
09:25:06,14.41,S,100
09:25:06,14.41,S,4400
09:25:06,14.41,S,400
09:25:06,14.41,S,300
09:25:06,14.41,S,100
09:25:06,14.41,S,1300
09:25:06,14.41,S,1000
09:25:06,14.41,S,200
09:25:06,14.41,S,400
09:25:06,14.41,S,3000
09:25:06,14.41,S,300
09:25:06,14.41,S,300
09:25:06,14.41,S,400
09:25:06,14.41,S,300
09:25:06,14.41,S,650
09:25:06,14.41,S,8050
09:30:02,14.41,B,3000
09:30:02,14.41,B,400
09:30:02,14.41,B,5000
09:30:02,14.4,S,100
09:30:02,14.4,S,300
09:30:02,14.4,S,100
09:30:02,14.4,S,500
09:30:02,14.4,S,200
09:30:02,14.4,S,600
09:30:02,14.4,S,100
09:30:02,14.4,S,100
09:30:02,14.4,S,100
09:30:02,14.4,S,300
09:30:02,14.4,S,100
09:30:02,14.41,B,800
09:30:02,14.41,B,6700
09:30:02,14.4,S,100
09:30:02,14.4,S,300
09:30:02,14.41,B,200
09:30:02,14.41,B,100
09:30:02,14.4,S,600
09:30:02,14.4,S,400
09:30:02,14.4,B,100
09:30:02,14.4,B,1000
09:30:02,14.39,S,500
09:30:02,14.39,S,500
09:30:02,14.39,S,200
09:30:02,14.39,S,200
09:30:02,14.38,S,200
09:30:02,14.38,S,100
09:30:02,14.38,S,900
09:30:02,14.38,S,1000
09:30:02,14.38,S,100
09:30:02,14.38,S,1000
09:30:02,14.38,S,500
09:30:02,14.37,S,500
09:30:02,14.37,S,1000
09:30:02,14.37,S,500
09:30:02,14.36,S,1200
09:30:02,14.4,B,1000
09:30:02,14.36,S,3600
09:30:02,14.4,B,900
09:30:02,14.4,B,1000
09:30:02,14.36,S,200
09:30:02,14.35,S,200
09:30:02,14.4,B,500
09:30:02,14.36,B,300
09:30:02,14.36,B,1700
09:30:02,14.36,B,1300
09:30:02,14.36,B,100
09:30:02,14.4,B,200
09:30:02,14.4,B,500
09:30:02,14.4,B,200
09:30:02,14.4,B,500
09:30:02,14.41,B,600
09:30:02,14.39,B,1000
09:30:02,14.37,B,900
09:30:02,14.37,B,300
09:30:02,14.36,B,100
09:30:02,14.35,S,200
09:30:02,14.36,B,500
09:30:02,14.36,B,100
09:30:02,14.35,S,800
09:30:02,14.35,S,200
09:30:02,14.36,B,1000
09:30:02,14.36,B,200
09:30:02,14.37,B,1900
09:30:02,14.38,B,3000
09:30:02,14.39,B,100
09:30:02,14.39,B,3300
09:30:03,14.39,B,200
09:30:03,14.39,B,900
09:30:03,14.39,B,200
09:30:03,14.4,B,100
09:30:03,14.35,S,200
09:30:03,14.35,S,200
09:30:03,14.35,S,300
09:30:03,14.35,S,700
09:30:03,14.35,S,300
09:30:03,14.4,B,100
09:30:03,14.4,B,200
09:30:03,14.4,B,200
09:30:03,14.4,B,600
09:30:03,14.4,B,200
09:30:03,14.4,B,1800
09:30:03,14.4,B,300
09:30:03,14.4,B,300
09:30:03,14.36,S,200
09:30:03,14.35,S,400
09:30:03,14.36,B,200
09:30:03,14.35,S,100
09:30:03,14.36,B,1000
09:30:03,14.35,S,500
09:30:03,14.36,B,300
09:30:03,14.38,B,300
09:30:04,14.36,B,100
09:30:04,14.36,B,200
09:30:04,14.38,B,700
09:30:04,14.38,B,500
09:30:04,14.38,B,600
09:30:04,14.37,B,1500
09:30:04,14.38,B,500
09:30:04,14.35,S,100
09:30:04,14.38,B,200
09:30:04,14.38,B,100
09:30:04,14.38,B,3600
09:30:04,14.38,B,3000
09:30:04,14.38,B,200
09:30:04,14.37,S,1000
09:30:04,14.36,B,100
09:30:04,14.36,B,500
09:30:04,14.36,B,1000
09:30:04,14.36,B,1300
09:30:04,14.35,S,100
09:30:04,14.36,B,500
09:30:04,14.36,B,200
09:30:04,14.37,B,600
09:30:04,14.38,B,200
09:30:04,14.38,B,100
09:30:04,14.38,B,400
09:30:04,14.38,B,3200
09:30:05,14.38,B,1000
09:30:05,14.38,B,1000
09:30:05,14.38,B,200
09:30:05,14.38,B,200
09:30:05,14.38,B,300
09:30:05,14.38,B,500
09:30:05,14.38,B,100
09:30:05,14.38,B,200
09:30:05,14.38,B,1100
09:30:05,14.38,B,500
09:30:05,14.38,B,300
09:30:05,14.38,B,4600
09:30:05,14.38,B,10000
09:30:05,14.39,B,2200
09:30:05,14.39,B,2000
09:30:05,14.39,B,1200
09:30:05,14.39,B,800
09:30:05,14.39,B,200
09:30:05,14.39,B,100
09:30:05,14.36,S,3000
09:30:05,14.39,B,2000
09:30:05,14.39,B,500
09:30:05,14.36,S,1500
09:30:05,14.39,B,200
09:30:05,14.39,B,1400
09:30:05,14.39,B,1000
09:30:05,14.39,B,200
09:30:05,14.4,B,300
09:30:05,14.36,S,400
09:30:05,14.35,S,1500
09:30:05,14.35,S,200
09:30:05,14.35,S,700
09:30:05,14.35,S,2800
09:30:06,14.36,B,3500
09:30:06,14.39,B,400
09:30:06,14.4,B,1100
09:30:06,14.4,B,1000
09:30:06,14.38,B,600
09:30:06,14.38,B,500
09:30:06,14.35,S,2000
09:30:06,14.35,S,100
09:30:06,14.35,S,1000
09:30:06,14.34,S,100
09:30:06,14.34,S,200
09:30:06,14.34,S,700
09:30:06,14.34,S,100
09:30:06,14.34,S,200
09:30:06,14.34,S,100
09:30:06,14.38,B,900
09:30:06,14.38,B,5000
09:30:06,14.34,S,1000
09:30:06,14.34,S,400
09:30:06,14.34,S,300
09:30:06,14.34,B,700
09:30:06,14.38,B,300
09:30:06,14.38,B,1000
09:30:06,14.38,B,5000
09:30:07,14.36,B,2000
09:30:07,14.36,B,2000
09:30:07,14.36,B,100
09:30:07,14.35,B,1500
09:30:07,14.36,B,1500
09:30:07,14.36,B,300
09:30:07,14.37,B,6200
09:30:07,14.34,B,200
09:30:07,14.34,B,700
09:30:07,14.33,S,1700
09:30:07,14.34,B,800
09:30:07,14.37,B,200
09:30:08,14.33,S,1300
09:30:08,14.33,S,1000
09:30:08,14.33,S,200
09:30:08,14.33,S,200
09:30:08,14.37,B,1000
09:30:08,14.37,B,3000
09:30:08,14.37,B,600
09:30:09,14.35,S,300
09:30:09,14.33,S,300
09:30:09,14.33,S,200
09:30:09,14.33,S,200
09:30:09,14.32,S,100
09:30:09,14.32,S,100
09:30:09,14.32,S,400
09:30:09,14.31,S,400
09:30:09,14.31,S,500
09:30:09,14.37,B,1700
09:30:09,14.37,B,400
09:30:09,14.31,S,300
09:30:09,14.31,S,600
09:30:09,14.3,S,300
09:30:09,14.36,B,900
09:30:09,14.36,S,2500
09:30:09,14.34,S,3000
09:30:09,14.3,S,800
09:30:09,14.3,S,100
09:30:09,14.3,S,300
09:30:09,14.3,S,100
09:30:09,14.3,S,100
09:30:09,14.3,S,2000
09:30:09,14.3,S,2000
09:30:09,14.3,S,100
09:30:09,14.3,S,300
09:30:09,14.3,S,1500
09:30:09,14.3,S,100
09:30:09,14.36,B,100
09:30:09,14.37,B,500
09:30:10,14.37,B,1000
09:30:10,14.37,B,2000
09:30:10,14.31,S,2300
09:30:10,14.31,S,1600
09:30:10,14.3,S,2400
09:30:10,14.34,B,100
09:30:10,14.36,B,1300
09:30:10,14.36,B,300
09:30:10,14.37,B,200
09:30:10,14.37,B,600
09:30:10,14.37,B,1000
09:30:11,14.35,B,100
09:30:11,14.34,S,900
09:30:11,14.34,S,1000
09:30:11,14.32,B,100
09:30:11,14.32,B,300
09:30:11,14.32,B,400
09:30:11,14.35,B,400
09:30:11,14.35,B,5000
09:30:11,14.37,B,1200
09:30:11,14.36,B,200
09:30:12,14.36,B,200
09:30:12,14.36,B,1000
09:30:12,14.36,B,4300
09:30:12,14.36,B,100
09:30:12,14.36,B,100
09:30:12,14.36,B,4500
09:30:13,14.36,B,1000
09:30:13,14.33,S,1000
09:30:13,14.31,S,1000
09:30:13,14.3,S,2500
09:30:13,14.3,S,1000
09:30:13,14.3,S,400
09:30:13,14.3,S,100
09:30:13,14.36,B,100
09:30:14,14.36,B,100
09:30:14,14.36,B,400
09:30:14,14.36,B,2000
09:30:15,14.36,B,1000
09:30:15,14.36,B,200
09:30:15,14.36,B,1500
09:30:15,14.36,B,100
09:30:15,14.36,B,200
09:30:15,14.36,B,1000
09:30:16,14.36,B,400
09:30:17,14.3,S,6400
09:30:17,14.3,S,3000
09:30:17,14.3,S,200
09:30:17,14.3,S,600
09:30:17,14.3,S,200
09:30:17,14.3,S,1000
09:30:17,14.3,S,300
09:30:17,14.3,B,300
09:30:17,14.3,B,200
09:30:17,14.36,B,500
09:30:17,14.28,S,1500
09:30:19,14.35,B,300
09:30:20,14.35,B,700
09:30:20,14.36,B,1100
09:30:20,14.36,B,1600
09:30:20,14.36,B,200
09:30:20,14.35,B,100
09:30:21,14.34,S,500
09:30:21,14.28,S,500
09:30:21,14.28,S,500
09:30:21,14.28,S,600
09:30:21,14.27,S,1000
09:30:21,14.27,S,500
09:30:21,14.26,S,500
09:30:21,14.25,S,2000
09:30:21,14.25,S,4400
09:30:22,14.3,B,200
09:30:23,14.25,S,600
09:30:23,14.25,S,1000
09:30:23,14.24,S,400
09:30:23,14.3,B,200
09:30:23,14.3,B,500
09:30:23,14.3,B,200
09:30:23,14.34,B,2800
09:30:25,14.34,B,100
09:30:30,14.26,S,200
09:30:33,14.26,S,300
09:30:33,14.26,S,900
09:30:33,14.28,B,300
09:30:34,14.26,S,600
09:30:34,14.24,S,100
09:30:34,14.24,S,800
09:30:34,14.28,B,100
09:30:35,14.28,S,400
09:30:35,14.24,S,100
09:30:36,14.26,B,600
09:30:37,14.28,B,100
09:30:37,14.28,B,300
09:30:37,14.3,B,200
09:30:38,14.27,S,400
09:30:38,14.25,B,400
09:30:39,14.25,B,2000
09:30:39,14.24,S,1100
09:30:39,14.25,B,900
09:30:39,14.26,B,100
09:30:40,14.26,B,800
09:30:40,14.26,B,200
09:30:40,14.26,B,500
09:30:40,14.24,S,400
09:30:40,14.26,B,200
09:30:42,14.24,S,1000
09:30:42,14.24,S,1000
09:30:43,14.24,S,5100
09:30:43,14.23,S,500
09:30:43,14.22,S,2000
09:30:43,14.22,S,300
09:30:43,14.21,S,500
09:30:43,14.21,S,800
09:30:43,14.21,S,4300
09:30:43,14.21,S,1000
09:30:43,14.21,S,800
09:30:43,14.2,S,1100
09:30:43,14.2,S,1000
09:30:43,14.2,S,200
09:30:43,14.2,S,2100
09:30:43,14.2,S,3000
09:30:43,14.2,S,17300
09:30:44,14.2,S,2000
09:30:44,14.26,B,1000
09:30:44,14.22,B,300
09:30:44,14.24,B,300
09:30:45,14.2,S,700
09:30:45,14.2,S,100
09:30:45,14.2,S,200
09:30:45,14.24,B,500
09:30:45,14.26,B,1500
09:30:46,14.24,B,400
09:30:46,14.24,B,100
09:30:46,14.26,B,300
09:30:47,14.24,B,1000
09:30:48,14.24,B,300
09:30:48,14.24,B,200
09:30:48,14.22,B,500
09:30:49,14.22,B,500
09:30:49,14.21,S,100
09:30:50,14.22,B,500
09:30:51,14.22,B,500
09:30:51,14.22,B,100
09:30:51,14.23,B,400
09:30:52,14.23,B,300
09:30:53,14.21,S,2900
09:30:53,14.21,S,1000
09:30:53,14.21,S,300
09:30:53,14.2,S,800
09:30:53,14.2,S,100
09:30:54,14.21,B,400
09:30:54,14.2,S,900
09:30:54,14.2,S,300
09:30:54,14.2,S,1000
09:30:54,14.2,S,8000
09:30:54,14.2,S,800
09:30:54,14.2,S,200
09:30:54,14.2,S,1300
09:30:54,14.2,S,700
09:30:54,14.2,S,100
09:30:54,14.2,S,500
09:30:54,14.2,S,100
09:30:55,14.21,B,2200
09:30:55,14.22,B,100
09:30:55,14.23,B,700
09:30:55,14.24,B,200
09:30:55,14.24,B,500
09:30:55,14.24,B,300
09:30:55,14.24,B,100
09:30:55,14.24,B,1400
09:30:55,14.24,B,4000
09:30:55,14.24,B,3000
09:30:55,14.24,B,100
09:30:55,14.24,B,200
09:30:55,14.2,S,700
09:30:55,14.23,B,1200
09:30:56,14.2,S,400
09:30:56,14.2,S,200
09:30:56,14.2,S,700
09:30:57,14.2,B,100
09:30:57,14.2,B,1000
09:30:58,14.2,B,200
09:30:58,14.2,B,800
09:30:58,14.2,B,1200
09:30:58,14.21,B,1900
09:31:00,14.2,S,100
09:31:00,14.2,S,100
09:31:01,14.2,S,200
09:31:01,14.2,S,100
09:31:01,14.2,S,200
09:31:01,14.2,S,200
09:31:01,14.2,S,800
09:31:01,14.21,B,200
09:31:01,14.2,S,300
09:31:01,14.2,S,600
09:31:01,14.21,B,400
09:31:01,14.21,B,1000
09:31:01,14.21,B,100
09:31:01,14.21,B,200
09:31:01,14.21,B,200
09:31:02,14.2,S,400
09:31:02,14.21,B,700
09:31:02,14.2,S,800
09:31:02,14.2,S,200
09:31:02,14.19,S,1000
09:31:02,14.18,S,300
09:31:02,14.18,S,1000
09:31:02,14.18,S,200
09:31:02,14.18,S,1000
09:31:02,14.18,S,100
09:31:02,14.18,S,200
09:31:02,14.17,S,4100
09:31:02,14.16,S,500
09:31:02,14.16,S,200
09:31:02,14.16,S,1000
09:31:02,14.15,S,500
09:31:02,14.15,S,1900
09:31:02,14.17,B,300
09:31:02,14.18,B,100
09:31:02,14.19,B,500
09:31:02,14.19,B,100
09:31:03,14.19,B,1500
09:31:03,14.2,B,300
09:31:03,14.2,B,200
09:31:03,14.2,B,300
09:31:03,14.2,B,200
09:31:03,14.19,B,200
09:31:03,14.2,B,100
09:31:03,14.2,B,800
09:31:03,14.2,B,200
09:31:04,14.15,S,1000
09:31:04,14.15,S,1000
09:31:04,14.15,S,2000
09:31:04,14.15,S,2000
09:31:04,14.15,S,5000
09:31:04,14.15,S,1000
09:31:05,14.2,B,200
09:31:05,14.2,B,100
09:31:05,14.2,B,2000
09:31:05,14.19,B,200
09:31:05,14.19,B,500
09:31:05,14.2,B,200
09:31:05,14.2,B,300
09:31:05,14.2,B,200
09:31:05,14.2,B,100
09:31:06,14.2,B,800
09:31:06,14.2,B,500
09:31:06,14.2,B,1600
09:31:06,14.2,B,6500
09:31:06,14.2,B,500
09:31:06,14.2,B,300
09:31:06,14.2,B,200
09:31:06,14.2,B,400
09:31:06,14.2,B,700
09:31:06,14.2,B,300
09:31:06,14.2,B,1000
09:31:07,14.2,B,600
09:31:07,14.2,B,800
09:31:07,14.2,B,700
09:31:07,14.2,B,400
09:31:07,14.2,B,2100
09:31:07,14.2,B,500
09:31:07,14.2,B,500
09:31:08,14.2,B,1900
09:31:08,14.2,B,100
09:31:08,14.16,S,100
09:31:08,14.15,S,1300
09:31:08,14.15,S,2000
09:31:08,14.14,S,500
09:31:08,14.14,S,500
09:31:09,14.2,B,1000
09:31:09,14.2,B,700
09:31:09,14.2,B,300
09:31:09,14.2,B,500
09:31:10,14.2,B,1000
09:31:10,14.2,B,200
09:31:10,14.18,S,200
09:31:10,14.16,S,300
09:31:10,14.14,S,100
09:31:10,14.14,S,500
09:31:10,14.2,B,300
09:31:10,14.2,B,4500
09:31:10,14.2,B,500
09:31:10,14.14,S,1500
09:31:10,14.13,S,1500
09:31:10,14.2,B,200
09:31:10,14.2,B,500
09:31:11,14.2,B,3200
09:31:11,14.15,S,2000
09:31:11,14.13,S,1000
09:31:13,14.18,B,400
09:31:13,14.18,B,600
09:31:13,14.18,B,1400
09:31:13,14.19,B,200
09:31:13,14.19,B,400
09:31:13,14.2,B,9800
09:31:13,14.2,B,1100
09:31:13,14.2,B,200
09:31:13,14.2,B,3000
09:31:13,14.2,B,1100
09:31:13,14.2,B,300
09:31:13,14.16,S,100
09:31:14,14.14,B,500
09:31:14,14.14,B,200
09:31:15,14.14,B,4300
09:31:15,14.15,B,500
09:31:15,14.13,S,500
09:31:15,14.13,B,800
09:31:15,14.15,B,200
09:31:16,14.15,B,200
09:31:16,14.15,B,100
09:31:16,14.12,S,400
09:31:16,14.12,S,500
09:31:16,14.15,B,3600
09:31:16,14.18,B,500
09:31:16,14.18,B,300
09:31:16,14.19,B,3200
09:31:16,14.19,B,700
09:31:16,14.19,B,300
09:31:17,14.12,S,500
09:31:17,14.12,S,1000
09:31:17,14.11,S,600
09:31:17,14.11,S,1900
09:31:17,14.14,B,200
09:31:17,14.15,S,200
09:31:17,14.19,B,1700
09:31:17,14.2,B,600
09:31:17,14.2,B,700
09:31:17,14.2,B,300
09:31:17,14.2,B,500
09:31:17,14.2,B,100
09:31:17,14.2,B,200
09:31:17,14.2,B,700
09:31:18,14.2,B,1000
09:31:19,14.15,S,200
09:31:19,14.15,S,200
09:31:19,14.16,B,500
09:31:20,14.2,B,200
09:31:20,14.17,S,100
09:31:20,14.15,S,200
09:31:20,14.2,B,900
09:31:20,14.2,B,5100
09:31:21,14.15,S,100
09:31:21,14.15,S,100
09:31:21,14.15,S,100
09:31:21,14.15,S,100
09:31:22,14.13,S,400
09:31:22,14.15,B,300
09:31:22,14.15,B,1300
09:31:22,14.15,B,100
09:31:23,14.15,B,1200
09:31:23,14.15,B,100
09:31:23,14.15,B,100
09:31:23,14.15,S,300
09:31:23,14.15,S,200
09:31:24,14.14,S,1500
09:31:24,14.13,S,300
09:31:24,14.2,B,200
09:31:24,14.15,S,1000
09:31:24,14.13,S,100
09:31:24,14.15,B,100
09:31:24,14.15,S,1000
09:31:25,14.18,B,800
09:31:25,14.2,B,200
09:31:25,14.15,S,300
09:31:25,14.15,S,100
09:31:25,14.2,B,200
09:31:26,14.15,S,1000
09:31:26,14.2,B,100
09:31:26,14.2,B,200
09:31:26,14.16,S,200
09:31:26,14.16,S,400
09:31:26,14.16,S,300
09:31:26,14.15,S,500
09:31:27,14.2,B,400
09:31:27,14.15,S,700
09:31:27,14.15,S,300
09:31:27,14.15,S,400
09:31:27,14.14,B,100
09:31:27,14.15,S,500
09:31:27,14.15,S,100
09:31:27,14.15,S,500
09:31:27,14.13,S,1200
09:31:27,14.13,S,200
09:31:27,14.13,S,100
09:31:28,14.13,S,700
09:31:28,14.13,S,5000
09:31:28,14.13,S,300
09:31:28,14.15,B,500
09:31:28,14.13,S,100
09:31:28,14.12,S,300
09:31:28,14.12,S,1000
09:31:28,14.12,S,400
09:31:28,14.13,B,100
09:31:28,14.13,B,200
09:31:28,14.15,B,500
09:31:28,14.15,B,100
09:31:28,14.15,B,600
09:31:29,14.13,S,500
09:31:29,14.13,S,700
09:31:29,14.15,B,800
09:31:29,14.15,B,4000
09:31:29,14.13,S,4400
09:31:29,14.12,S,1100
09:31:29,14.15,B,1000
09:31:30,14.12,S,400
09:31:30,14.12,S,600
09:31:31,14.12,B,300
09:31:31,14.12,B,600
09:31:31,14.13,B,300
09:31:31,14.13,B,700
09:31:32,14.11,S,3100
09:31:32,14.11,S,900
09:31:32,14.13,B,300
09:31:32,14.13,B,100
09:31:32,14.12,S,700
09:31:33,14.13,B,300
09:31:33,14.13,B,900
09:31:33,14.13,B,100
09:31:33,14.13,B,200
09:31:34,14.12,S,100
09:31:34,14.13,B,500
09:31:34,14.13,B,300
09:31:34,14.13,B,100
09:31:34,14.13,B,11000
09:31:34,14.13,B,500
09:31:34,14.13,B,5000
09:31:34,14.13,B,6500
09:31:34,14.13,B,500
09:31:34,14.15,B,1100
09:31:34,14.15,B,400
09:31:34,14.15,B,300
09:31:34,14.15,B,100
09:31:34,14.15,B,500
09:31:34,14.15,B,100
09:31:34,14.15,B,500
09:31:34,14.15,B,1500
09:31:34,14.15,B,900
09:31:34,14.15,B,1000
09:31:34,14.15,B,300
09:31:34,14.15,B,500
09:31:34,14.15,B,500
09:31:34,14.16,B,100
09:31:34,14.17,B,200
09:31:34,14.17,B,4200
09:31:34,14.17,B,2500
09:31:34,14.17,B,300
09:31:34,14.2,B,600
09:31:34,14.15,S,700
09:31:34,14.15,S,300
09:31:34,14.15,S,100
09:31:34,14.15,S,4400
09:31:34,14.15,S,500
09:31:34,14.13,B,1000
09:31:34,14.13,B,100
09:31:34,14.16,S,1400
09:31:34,14.16,S,3500
09:31:34,14.12,S,1700
09:31:34,14.13,B,300
09:31:34,14.13,B,200
09:31:34,14.14,S,400
09:31:34,14.17,B,100
09:31:35,14.15,S,2000
09:31:35,14.17,B,900
09:31:35,14.2,B,100
09:31:35,14.15,S,100
09:31:35,14.15,S,1000
09:31:35,14.15,S,400
09:31:36,14.18,S,200
09:31:36,14.2,B,1000
09:31:36,14.18,S,4800
09:31:36,14.15,S,1600
09:31:36,14.15,S,200
09:31:36,14.15,S,1000
09:31:36,14.14,S,400
09:31:36,14.14,S,200
09:31:36,14.2,B,200
09:31:36,14.15,B,500
09:31:37,14.15,B,1000
09:31:37,14.15,B,100
09:31:37,14.14,S,2000
09:31:37,14.15,B,200
09:31:38,14.14,S,200
09:31:38,14.14,S,1000
09:31:38,14.13,S,500
09:31:38,14.13,B,300
09:31:38,14.15,B,300
09:31:38,14.15,B,200
09:31:38,14.14,S,500
09:31:39,14.14,S,300
09:31:39,14.15,B,500
09:31:39,14.14,S,2200
09:31:40,14.12,S,1000
09:31:40,14.12,S,400
09:31:41,14.15,B,500
09:31:41,14.12,S,2900
09:31:42,14.15,B,6600
09:31:42,14.15,B,800
09:31:42,14.15,B,800
09:31:42,14.12,S,500
09:31:43,14.15,B,1000
09:31:43,14.15,B,200
09:31:44,14.13,S,200
09:31:44,14.12,S,9300
09:31:44,14.15,B,500
09:31:44,14.15,B,2000
09:31:44,14.13,B,500
09:31:44,14.13,B,1000
09:31:44,14.15,B,3500
09:31:45,14.15,B,2000
09:31:45,14.15,B,700
09:31:46,14.15,B,400
09:31:46,14.15,B,2400
09:31:47,14.13,S,2000
09:31:47,14.13,S,500
09:31:47,14.13,S,1000
09:31:47,14.12,S,1000
09:31:48,14.12,S,2500
09:31:48,14.13,B,500
09:31:48,14.13,B,1100
09:31:48,14.15,B,1400
09:31:48,14.15,B,200
09:31:48,14.12,S,500
09:31:48,14.12,S,100
09:31:48,14.12,S,1000
09:31:49,14.13,B,500
09:31:49,14.13,B,400
09:31:49,14.13,B,100
09:31:49,14.12,S,100
09:31:50,14.13,B,2100
09:31:50,14.12,S,100
09:31:50,14.12,S,100
09:31:50,14.12,S,3000
09:31:50,14.13,B,16800
09:31:50,14.13,B,3200
09:31:50,14.12,S,300
09:31:50,14.13,B,1000
09:31:50,14.13,B,500
09:31:50,14.13,B,2000
09:31:50,14.12,S,300
09:31:50,14.12,S,200
09:31:50,14.12,S,100
09:31:51,14.13,B,6200
09:31:51,14.14,B,100
09:31:51,14.15,B,1900
09:31:51,14.13,S,900
09:31:51,14.15,B,1600
09:31:51,14.15,B,1000
09:31:51,14.13,S,100
09:31:51,14.13,S,500
09:31:51,14.15,B,4100
09:31:51,14.15,B,900
09:31:52,14.13,S,300
09:31:52,14.13,S,200
09:31:52,14.13,S,1800
09:31:52,14.13,S,500
09:31:52,14.12,S,100
09:31:52,14.12,S,300
09:31:52,14.12,S,1000
09:31:52,14.12,S,1000
09:31:52,14.12,S,400
09:31:52,14.12,S,200
09:31:52,14.12,S,400
09:31:52,14.14,B,100
09:31:52,14.12,S,100
09:31:52,14.12,S,400
09:31:52,14.13,S,1500
09:31:54,14.14,B,500
09:31:54,14.14,B,100
09:31:54,14.14,B,300
09:31:54,14.14,B,300
09:31:54,14.14,B,200
09:31:54,14.14,B,200
09:31:54,14.15,B,700
09:31:55,14.14,S,300
09:31:55,14.15,B,100
09:31:55,14.15,B,500
09:31:55,14.14,S,400
09:31:55,14.14,S,800
09:31:55,14.15,B,2000
09:31:55,14.15,B,400
09:31:55,14.15,B,300
09:31:55,14.15,B,300
09:31:55,14.14,S,400
09:31:56,14.14,S,100
09:31:56,14.15,B,600
09:31:56,14.15,B,100
09:31:56,14.15,B,800
09:31:56,14.14,S,1000
09:31:56,14.14,S,200
09:31:56,14.15,B,1000
09:31:56,14.15,B,400
09:31:56,14.14,S,1300
09:31:57,14.14,S,500
09:31:57,14.15,B,300
09:31:57,14.15,B,1000
09:31:57,14.15,B,1000
09:31:57,14.15,B,1000
09:31:57,14.15,B,300
09:31:57,14.15,B,1700
09:31:57,14.14,S,1000
09:31:57,14.14,S,1400
09:31:57,14.14,S,1400
09:31:57,14.14,S,300
09:31:57,14.14,S,200
09:31:57,14.14,S,100
09:31:57,14.15,B,3000
09:31:57,14.14,S,200
09:31:57,14.14,S,1000
09:31:58,14.15,B,200
09:31:58,14.14,S,100
09:31:58,14.14,S,1300
09:31:58,14.14,S,2000
09:31:58,14.15,B,1000
09:31:58,14.14,S,300
09:31:58,14.14,S,100
09:31:58,14.14,S,1600
09:31:59,14.14,S,2900
09:31:59,14.13,S,100
09:31:59,14.13,S,600
09:31:59,14.13,S,400
09:31:59,14.13,S,200
09:31:59,14.15,B,1200
09:31:59,14.13,S,1400
09:31:59,14.13,S,600
09:31:59,14.14,B,100
09:31:59,14.15,B,1900
09:31:59,14.15,B,200
09:31:59,14.15,B,1000
09:31:59,14.15,B,800
09:31:59,14.13,S,4400
09:31:59,14.13,S,200
09:31:59,14.13,S,1000
09:31:59,14.13,S,500
09:31:59,14.13,S,8500
09:31:59,14.15,B,400
09:31:59,14.15,B,300
09:32:00,14.15,B,1000
09:32:00,14.13,S,200
09:32:00,14.13,S,300
09:32:00,14.13,S,100
09:32:00,14.13,S,5600
09:32:00,14.13,S,4000
09:32:00,14.14,B,100
09:32:00,14.15,B,900
09:32:00,14.13,S,7000
09:32:00,14.13,S,5000
09:32:00,14.14,B,2000
09:32:01,14.13,S,300
09:32:01,14.13,S,500
09:32:01,14.13,S,300
09:32:02,14.14,B,1000
09:32:02,14.13,S,1000
09:32:02,14.13,S,200
09:32:02,14.13,S,2300
09:32:02,14.13,S,1000
09:32:02,14.13,S,400
09:32:02,14.13,S,100
09:32:02,14.13,S,100
09:32:02,14.13,S,100
09:32:03,14.13,S,6000
09:32:03,14.14,B,800
09:32:03,14.14,B,500
09:32:03,14.14,B,200
09:32:03,14.14,B,1400
09:32:03,14.13,S,300
09:32:04,14.13,S,200
09:32:04,14.14,B,100
09:32:04,14.13,S,500
09:32:04,14.13,S,900
09:32:04,14.13,S,800
09:32:05,14.14,B,300
09:32:05,14.14,B,200
09:32:05,14.14,B,500
09:32:05,14.14,B,1000
09:32:05,14.13,S,200
09:32:05,14.13,S,1000
09:32:05,14.13,S,3100
09:32:05,14.13,S,1500
09:32:05,14.13,S,200
09:32:05,14.13,S,1700
09:32:05,14.14,B,1000
09:32:05,14.13,S,2400
09:32:05,14.13,S,700
09:32:05,14.14,B,400
09:32:05,14.14,B,300
09:32:06,14.14,B,200
09:32:06,14.15,B,1200
09:32:06,14.15,B,800
09:32:06,14.14,S,1000
09:32:06,14.13,S,300
09:32:06,14.13,S,700
09:32:06,14.13,S,500
09:32:06,14.13,S,500
09:32:07,14.13,S,100
09:32:07,14.13,S,100
09:32:07,14.13,S,300
09:32:07,14.13,S,500
09:32:07,14.13,S,1000
09:32:07,14.13,S,1000
09:32:07,14.13,S,1000
09:32:07,14.13,S,500
09:32:07,14.13,S,1000
09:32:07,14.13,S,500
09:32:07,14.13,S,700
09:32:07,14.13,S,1000
09:32:07,14.13,S,200
09:32:07,14.13,S,1000
09:32:07,14.13,S,200
09:32:07,14.13,S,500
09:32:07,14.13,S,1700
09:32:07,14.13,S,200
09:32:07,14.13,S,500
09:32:07,14.13,S,2000
09:32:07,14.13,S,1000
09:32:07,14.13,S,1000
09:32:07,14.13,S,300
09:32:07,14.13,S,600
09:32:07,14.13,S,300
09:32:07,14.13,S,400
09:32:07,14.13,S,300
09:32:07,14.12,S,1600
09:32:07,14.12,S,1000
09:32:07,14.12,S,200
09:32:07,14.12,S,300
09:32:07,14.12,S,2000
09:32:07,14.12,S,100
09:32:07,14.12,S,100
09:32:07,14.15,B,400
09:32:07,14.15,B,200
09:32:07,14.15,B,600
09:32:07,14.15,B,200
09:32:07,14.15,B,800
09:32:07,14.15,B,800
09:32:08,14.15,S,1800
09:32:08,14.15,S,1500
09:32:08,14.15,S,300
09:32:08,14.15,S,4000
09:32:08,14.15,S,4400
09:32:08,14.15,S,3200
09:32:08,14.15,S,500
09:32:08,14.15,S,300
09:32:08,14.15,S,600
09:32:08,14.15,S,1500
09:32:08,14.15,S,200
09:32:09,14.15,S,300
09:32:09,14.15,S,2000
09:32:09,14.15,S,200
09:32:10,14.15,S,700
09:32:10,14.15,S,4500
09:32:10,14.15,S,1600
09:32:10,14.15,S,1000
09:32:10,14.15,S,200
09:32:10,14.15,S,1200
09:32:11,14.15,S,2200
09:32:11,14.15,S,3100
09:32:11,14.15,S,1900
09:32:11,14.15,S,500
09:32:11,14.14,S,600
09:32:11,14.14,S,3000
09:32:11,14.14,S,1000
09:32:11,14.14,S,1600
09:32:11,14.14,S,100
09:32:11,14.14,S,1300
09:32:11,14.15,B,4000
09:32:11,14.14,S,400
09:32:12,14.15,B,4000
09:32:12,14.14,S,2000
09:32:12,14.14,S,900
09:32:12,14.14,S,1000
09:32:12,14.14,S,200
09:32:12,14.14,S,300
09:32:12,14.14,S,1600
09:32:12,14.13,S,300
09:32:12,14.13,S,100
09:32:12,14.14,B,400
09:32:12,14.13,S,300
09:32:12,14.13,S,1200
09:32:12,14.14,B,1000
09:32:12,14.14,B,600
09:32:12,14.15,B,1400
09:32:12,14.13,S,4200
09:32:13,14.15,B,1800
09:32:13,14.15,B,8200
09:32:13,14.14,S,1000
09:32:13,14.15,B,4000
09:32:13,14.14,S,700
09:32:13,14.15,B,300
09:32:13,14.15,B,1100
09:32:13,14.15,B,3900
09:32:13,14.15,B,500
09:32:14,14.15,B,200
09:32:14,14.14,S,1300
09:32:14,14.14,S,200
09:32:14,14.13,S,2000
09:32:14,14.13,S,100
09:32:14,14.13,S,200
09:32:14,14.13,S,1000
09:32:14,14.13,S,1000
09:32:14,14.13,S,800
09:32:14,14.13,S,1000
09:32:14,14.13,S,200
09:32:14,14.13,S,2000
09:32:14,14.13,S,1000
09:32:14,14.13,S,1000
09:32:14,14.13,S,7700
09:32:14,14.13,S,500
09:32:14,14.13,S,4500
09:32:14,14.13,S,5500
09:32:14,14.13,S,100
09:32:14,14.13,S,500
09:32:14,14.13,S,2000
09:32:14,14.13,S,400
09:32:14,14.13,S,1600
09:32:14,14.13,S,900
09:32:14,14.13,S,500
09:32:14,14.12,S,500
09:32:14,14.13,B,300
09:32:14,14.12,S,1400
09:32:14,14.12,S,1000
09:32:14,14.12,S,2600
09:32:14,14.13,B,400
09:32:14,14.13,B,10200
09:32:14,14.13,B,900
09:32:14,14.13,B,800
09:32:15,14.13,B,900
09:32:15,14.12,S,100
09:32:15,14.13,B,200
09:32:15,14.13,B,100
09:32:15,14.13,B,27700
09:32:15,14.13,B,2200
09:32:15,14.13,B,600
09:32:15,14.13,B,2700
09:32:15,14.13,B,1700
09:32:15,14.13,B,1000
09:32:15,14.12,S,700
09:32:15,14.13,B,1000
09:32:15,14.13,B,2000
09:32:16,14.13,B,100
09:32:16,14.12,S,100
09:32:16,14.13,B,300
09:32:16,14.13,B,300
09:32:16,14.13,B,1000
09:32:16,14.12,S,1500
09:32:16,14.12,S,1000
09:32:16,14.12,S,300
09:32:16,14.12,S,100
09:32:16,14.12,S,1000
09:32:16,14.12,S,1000
09:32:16,14.12,S,6600
09:32:17,14.12,S,5400
09:32:17,14.12,S,1600
09:32:17,14.12,S,10000
09:32:17,14.12,S,1500
09:32:17,14.12,S,600
09:32:17,14.12,S,1000
09:32:17,14.12,S,200
09:32:17,14.12,S,100
09:32:17,14.12,S,500
09:32:17,14.12,S,600
09:32:17,14.12,S,300
09:32:17,14.12,S,700
09:32:17,14.12,S,500
09:32:17,14.12,S,400
09:32:17,14.12,S,1000
09:32:17,14.12,S,300
09:32:17,14.12,S,100
09:32:17,14.12,S,200
09:32:17,14.12,S,10000
09:32:17,14.12,S,300
09:32:17,14.12,S,100
09:32:17,14.12,S,3400
09:32:17,14.12,S,1600
09:32:17,14.12,S,5000
09:32:17,14.12,S,2600
09:32:17,14.12,S,400
09:32:17,14.12,S,1000
09:32:17,14.12,S,1000
09:32:17,14.12,S,2100
09:32:17,14.12,S,2900
09:32:17,14.12,S,3100
09:32:17,14.12,S,9800
09:32:17,14.13,B,200
09:32:17,14.12,S,2300
09:32:17,14.12,S,500
09:32:17,14.12,S,1300
09:32:17,14.12,S,1700
09:32:17,14.12,S,300
09:32:17,14.12,S,300
09:32:17,14.12,S,1000
09:32:17,14.12,S,500
09:32:17,14.12,S,3500
09:32:17,14.12,S,1500
09:32:17,14.12,S,3700
09:32:17,14.12,S,4000
09:32:17,14.13,B,3000
09:32:17,14.13,B,1200
09:32:17,14.13,B,300
09:32:17,14.13,B,3000
09:32:17,14.13,B,5200
09:32:17,14.13,B,300
09:32:17,14.13,B,2000
09:32:17,14.13,B,2700
09:32:17,14.13,B,3400
09:32:17,14.13,B,300
09:32:17,14.13,B,500
09:32:17,14.13,B,1000
09:32:17,14.13,B,300
09:32:17,14.13,B,100
09:32:17,14.13,B,300
09:32:17,14.13,B,300
09:32:17,14.13,B,200
09:32:18,14.13,B,400
09:32:18,14.13,B,1200
09:32:18,14.13,B,100
09:32:18,14.12,S,800
09:32:18,14.13,B,2000
09:32:18,14.13,B,100
09:32:18,14.13,B,1200
09:32:18,14.13,B,100
09:32:19,14.13,B,1000
09:32:19,14.13,B,1000
09:32:19,14.13,B,500
09:32:19,14.13,B,4700
09:32:19,14.13,B,300
09:32:19,14.13,B,200
09:32:19,14.13,B,400
09:32:19,14.13,B,400
09:32:19,14.13,B,300
09:32:19,14.12,S,1500
09:32:19,14.12,S,100
09:32:20,14.13,B,1000
09:32:20,14.13,B,200
09:32:20,14.13,B,2000
09:32:20,14.12,S,500
09:32:20,14.12,S,700
09:32:20,14.12,S,100
09:32:20,14.12,S,500
09:32:20,14.12,S,300
09:32:20,14.12,S,500
09:32:20,14.12,S,400
09:32:20,14.12,S,200
09:32:20,14.12,B,1000
09:32:20,14.12,B,100
09:32:20,14.12,B,200
09:32:20,14.12,B,100
09:32:20,14.12,B,200
09:32:20,14.12,B,500
09:32:20,14.12,B,1000
09:32:20,14.12,B,2900
09:32:20,14.12,B,100
09:32:21,14.12,B,300
09:32:21,14.12,B,400
09:32:21,14.12,B,3800
09:32:21,14.12,B,4600
09:32:21,14.13,B,300
09:32:21,14.13,B,800
09:32:21,14.13,B,100
09:32:21,14.13,B,400
09:32:21,14.12,B,200
09:32:21,14.12,B,2000
09:32:21,14.12,B,2200
09:32:22,14.12,B,100
09:32:22,14.11,S,100
09:32:22,14.11,S,100
09:32:22,14.12,B,100
09:32:22,14.12,B,2000
09:32:22,14.12,B,200
09:32:22,14.11,S,400
09:32:22,14.11,S,2000
09:32:22,14.11,S,500
09:32:22,14.11,S,1000
09:32:22,14.11,S,2000
09:32:22,14.11,S,600
09:32:22,14.11,S,1000
09:32:22,14.11,S,2000
09:32:22,14.11,S,1000
09:32:22,14.11,S,600
09:32:22,14.11,S,300
09:32:22,14.11,S,100
09:32:22,14.11,S,300
09:32:22,14.11,S,200
09:32:22,14.11,S,1400
09:32:22,14.11,S,3000
09:32:22,14.11,S,1000
09:32:22,14.11,S,1000
09:32:22,14.11,S,300
09:32:22,14.11,S,7000
09:32:23,14.11,S,700
09:32:23,14.11,S,18100
09:32:23,14.11,S,4200
09:32:23,14.11,S,2000
09:32:23,14.11,S,1000
09:32:23,14.11,S,2200
09:32:23,14.12,B,2100
09:32:23,14.12,B,300
09:32:23,14.12,B,500
09:32:23,14.11,S,7800
09:32:23,14.11,S,200
09:32:23,14.11,S,700
09:32:23,14.11,S,2000
09:32:23,14.11,B,1500
09:32:23,14.12,B,2800
09:32:23,14.12,B,1100
09:32:23,14.11,B,300
09:32:23,14.11,B,5000
09:32:23,14.11,B,300
09:32:23,14.11,B,600
09:32:23,14.11,B,500
09:32:24,14.11,B,1200
09:32:24,14.11,B,1000
09:32:24,14.11,B,1000
09:32:24,14.11,B,200
09:32:24,14.11,B,500
09:32:24,14.11,B,100
09:32:24,14.11,B,800
09:32:24,14.11,B,500
09:32:24,14.11,B,100
09:32:24,14.11,B,1000
09:32:24,14.11,B,400
09:32:25,14.11,B,100
09:32:25,14.11,B,100
09:32:25,14.11,B,500
09:32:25,14.11,B,500
09:32:25,14.11,B,100
09:32:25,14.11,B,1000
09:32:26,14.11,B,500
09:32:26,14.11,B,1000
09:32:26,14.1,S,100
09:32:26,14.1,S,100
09:32:26,14.1,S,1900
09:32:26,14.1,S,2000
09:32:26,14.1,S,1100
09:32:26,14.1,S,300
09:32:26,14.1,S,100
09:32:26,14.1,S,1000
09:32:26,14.1,S,500
09:32:26,14.1,S,500
09:32:26,14.1,S,200
09:32:26,14.1,S,200
09:32:26,14.1,S,100
09:32:26,14.1,S,100
09:32:26,14.1,S,5000
09:32:26,14.1,S,700
09:32:26,14.1,S,1000
09:32:26,14.1,S,2000
09:32:26,14.1,S,100
09:32:26,14.1,S,1000
09:32:26,14.1,S,500
09:32:26,14.1,S,2000
09:32:26,14.1,S,200
09:32:26,14.1,S,1000
09:32:26,14.1,S,1000
09:32:26,14.1,S,100
09:32:26,14.1,S,2000
09:32:26,14.1,S,2000
09:32:26,14.1,S,500
09:32:26,14.1,S,1000
09:32:26,14.1,S,100
09:32:26,14.1,S,4000
09:32:26,14.1,S,500
09:32:26,14.1,S,300
09:32:26,14.1,S,900
09:32:26,14.11,B,2100
09:32:26,14.11,B,1000
09:32:26,14.11,B,400
09:32:26,14.11,B,1200
09:32:26,14.11,B,100
09:32:26,14.1,S,1100
09:32:26,14.1,S,20000
09:32:26,14.1,S,10000
09:32:26,14.1,S,1900
09:32:26,14.11,B,300
09:32:26,14.11,B,1000
09:32:26,14.11,B,1000
09:32:26,14.11,B,500
09:32:26,14.1,S,100
09:32:26,14.1,S,1000
09:32:26,14.1,S,600
09:32:26,14.1,S,200
09:32:26,14.1,S,300
09:32:26,14.1,S,500
09:32:26,14.1,S,100
09:32:26,14.1,S,1000
09:32:26,14.1,S,3000
09:32:26,14.1,S,1000
09:32:26,14.1,S,500
09:32:26,14.1,S,500
09:32:26,14.1,S,1000
09:32:26,14.1,S,200
09:32:26,14.1,S,3000
09:32:26,14.1,S,600
09:32:26,14.1,S,1000
09:32:26,14.1,S,5100
09:32:27,14.11,B,1000
09:32:27,14.11,B,400
09:32:27,14.11,B,1000
09:32:27,14.11,B,300
09:32:27,14.11,B,1000
09:32:27,14.11,B,1000
09:32:27,14.1,S,5100
09:32:27,14.1,S,200
09:32:27,14.1,S,100
09:32:27,14.1,S,2000
09:32:27,14.1,S,200
09:32:27,14.1,S,100
09:32:27,14.1,S,2000
09:32:27,14.1,S,1000
09:32:27,14.1,S,1000
09:32:27,14.1,S,100
09:32:27,14.1,S,300
09:32:27,14.1,S,800
09:32:27,14.1,S,5000
09:32:27,14.1,S,200
09:32:27,14.1,B,300
09:32:27,14.1,B,500
09:32:28,14.1,B,2100
09:32:28,14.1,B,900
09:32:28,14.1,B,500
09:32:28,14.1,B,300
09:32:28,14.1,B,100
09:32:28,14.09,S,500
09:32:28,14.09,S,1000
09:32:28,14.09,S,100
09:32:28,14.09,S,900
09:32:28,14.09,S,200
09:32:28,14.09,S,100
09:32:28,14.1,B,500
09:32:28,14.1,B,100
09:32:28,14.1,B,1000
09:32:29,14.09,S,2700
09:32:29,14.09,S,1000
09:32:29,14.09,S,200
09:32:29,14.08,S,800
09:32:29,14.09,B,600
09:32:29,14.09,B,1000
09:32:29,14.09,B,400
09:32:29,14.09,B,100
09:32:30,14.09,B,700
09:32:30,14.09,B,4700
09:32:30,14.09,B,300
09:32:30,14.09,B,500
09:32:30,14.09,B,100
09:32:30,14.09,B,1100
09:32:30,14.09,B,6700
09:32:30,14.09,B,2200
09:32:30,14.09,B,500
09:32:30,14.09,B,2100
09:32:30,14.09,B,300
09:32:31,14.09,B,1600
09:32:31,14.09,B,3400
09:32:31,14.09,B,200
09:32:31,14.09,B,2900
09:32:31,14.09,B,200
09:32:31,14.1,B,1800
09:32:31,14.08,S,500
09:32:32,14.08,S,200
09:32:32,14.08,S,400
09:32:32,14.08,S,1900
09:32:32,14.09,B,1500
09:32:32,14.1,B,300
09:32:32,14.08,S,8100
09:32:32,14.08,S,200
09:32:32,14.08,S,1100
09:32:32,14.08,S,600
09:32:32,14.08,S,1100
09:32:32,14.08,S,200
09:32:32,14.08,S,200
09:32:32,14.08,S,1000
09:32:32,14.08,S,500
09:32:32,14.08,B,2500
09:32:32,14.1,B,12500
09:32:32,14.1,B,3100
09:32:32,14.1,B,1900
09:32:32,14.1,B,100
09:32:32,14.08,B,500
09:32:33,14.08,B,200
09:32:33,14.08,B,500
09:32:33,14.08,B,500
09:32:33,14.08,B,1500
09:32:33,14.08,B,300
09:32:33,14.08,B,500
09:32:34,14.08,B,500
09:32:34,14.08,B,2000
09:32:34,14.08,B,1000
09:32:34,14.08,B,3900
09:32:34,14.08,B,2100
09:32:34,14.08,B,100
09:32:34,14.08,B,300
09:32:34,14.08,B,1000
09:32:34,14.08,B,100
09:32:34,14.09,B,200
09:32:34,14.09,B,200
09:32:34,14.09,B,800
09:32:34,14.09,B,700
09:32:34,14.1,B,1300
09:32:35,14.09,S,400
09:32:35,14.1,B,200
09:32:35,14.1,B,200
09:32:35,14.1,B,500
09:32:35,14.1,B,300
09:32:35,14.1,B,100
09:32:35,14.1,B,1000
09:32:36,14.1,B,200
09:32:36,14.1,B,400
09:32:36,14.1,B,200
09:32:36,14.1,B,100
09:32:36,14.1,B,300
09:32:36,14.1,B,200
09:32:37,14.1,S,200
09:32:37,14.1,S,1000
09:32:37,14.09,S,1600
09:32:37,14.08,S,400
09:32:37,14.07,S,300
09:32:37,14.07,S,1000
09:32:37,14.1,B,4100
09:32:37,14.1,B,300
09:32:37,14.11,B,300
09:32:37,14.11,B,300
09:32:37,14.11,B,100
09:32:37,14.11,B,100
09:32:37,14.11,B,1000
09:32:37,14.11,B,1000
09:32:38,14.11,B,500
09:32:38,14.11,B,300
09:32:38,14.08,B,100
09:32:38,14.09,B,900
09:32:38,14.09,B,700
09:32:38,14.09,B,400
09:32:38,14.09,B,400
09:32:38,14.08,S,500
09:32:38,14.09,B,300
09:32:39,14.08,S,1500
09:32:39,14.08,B,300
09:32:39,14.08,B,5000
09:32:39,14.08,B,200
09:32:39,14.08,B,100
09:32:39,14.08,B,2000
09:32:39,14.07,S,1800
09:32:40,14.08,B,300
09:32:40,14.08,B,1500
09:32:40,14.08,B,300
09:32:40,14.08,B,700
09:32:40,14.09,B,300
09:32:40,14.09,B,500
09:32:40,14.09,B,100
09:32:40,14.07,S,200
09:32:40,14.07,B,200
09:32:41,14.07,B,200
09:32:41,14.08,B,200
09:32:41,14.08,B,100
09:32:41,14.08,B,300
09:32:41,14.08,B,200
09:32:41,14.08,B,200
09:32:41,14.09,B,600
09:32:42,14.07,B,500
09:32:42,14.06,S,100
09:32:42,14.06,S,100
09:32:42,14.06,S,200
09:32:42,14.07,B,300
09:32:42,14.07,B,1000
09:32:42,14.07,B,200
09:32:42,14.08,B,200
09:32:42,14.08,B,3500
09:32:42,14.09,B,400
09:32:42,14.06,S,800
09:32:42,14.09,B,100
09:32:42,14.09,B,300
09:32:42,14.1,B,1600
09:32:42,14.1,B,1000
09:32:42,14.06,S,800
09:32:43,14.06,S,700
09:32:43,14.06,S,500
09:32:43,14.06,S,1000
09:32:43,14.05,S,300
09:32:43,14.05,S,300
09:32:43,14.05,S,700
09:32:43,14.05,S,800
09:32:43,14.05,S,100
09:32:43,14.1,B,3900
09:32:43,14.1,B,400
09:32:43,14.1,B,400
09:32:43,14.1,B,5300
09:32:43,14.05,S,400
09:32:44,14.1,B,3000
09:32:44,14.06,B,3800
09:32:44,14.1,B,6200
09:32:44,14.1,B,500
09:32:44,14.1,B,500
09:32:44,14.05,S,400
09:32:44,14.1,B,2000
09:32:44,14.09,S,200
09:32:44,14.05,S,800
09:32:44,14.08,B,300
09:32:44,14.1,B,200
09:32:44,14.09,S,200
09:32:44,14.1,B,1300
09:32:44,14.1,B,100
09:32:44,14.1,B,400
09:32:44,14.1,B,200
09:32:45,14.09,S,100
09:32:45,14.07,B,500
09:32:45,14.09,B,400
09:32:45,14.1,B,600
09:32:46,14.09,B,200
09:32:46,14.09,B,200
09:32:46,14.09,B,100
09:32:46,14.08,S,200
09:32:46,14.09,B,700
09:32:46,14.08,S,400
09:32:46,14.1,B,500
09:32:46,14.09,B,400
09:32:46,14.1,B,200
09:32:46,14.1,B,400
09:32:46,14.09,B,1300
09:32:46,14.1,B,700
09:32:47,14.08,S,2400
09:32:47,14.08,S,100
09:32:47,14.08,B,200
09:32:47,14.08,B,100
09:32:47,14.08,B,200
09:32:47,14.08,B,3000
09:32:47,14.1,B,200
09:32:47,14.1,B,300
09:32:47,14.09,S,1800
09:32:47,14.09,S,100
09:32:47,14.1,B,1400
09:32:47,14.1,B,100
09:32:47,14.1,B,500
09:32:47,14.1,B,500
09:32:47,14.09,S,3000
09:32:47,14.1,B,100
09:32:47,14.1,B,500
09:32:47,14.09,S,400
09:32:47,14.09,S,500
09:32:48,14.09,S,500
09:32:49,14.1,B,1000
09:32:49,14.09,S,700
09:32:49,14.1,B,1400
09:32:49,14.09,S,500
09:32:49,14.09,B,200
09:32:49,14.09,B,300
09:32:50,14.09,B,200
09:32:50,14.1,B,800
09:32:50,14.08,S,500
09:32:50,14.08,S,500
09:32:50,14.1,B,200
09:32:50,14.1,B,1000
09:32:50,14.1,B,100
09:32:50,14.1,B,400
09:32:50,14.11,B,100
09:32:50,14.11,B,400
09:32:50,14.09,S,1000
09:32:51,14.11,B,100
09:32:51,14.11,B,100
09:32:51,14.11,B,100
09:32:51,14.09,S,1000
09:32:51,14.08,S,500
09:32:51,14.08,S,200
09:32:51,14.08,S,100
09:32:51,14.08,S,500
09:32:51,14.07,S,1200
09:32:52,14.07,S,2500
09:32:52,14.08,B,400
09:32:52,14.08,B,600
09:32:52,14.08,B,200
09:32:52,14.08,B,1000
09:32:52,14.08,B,2100
09:32:52,14.08,B,300
09:32:52,14.08,B,600
09:32:52,14.08,B,400
09:32:52,14.08,B,100
09:32:52,14.09,B,400
09:32:53,14.08,B,400
09:32:53,14.08,B,1400
09:32:53,14.09,B,600
09:32:53,14.09,B,500
09:32:53,14.09,B,300
09:32:53,14.09,B,300
09:32:53,14.09,B,600
09:32:54,14.07,S,200
09:32:54,14.09,B,500
09:32:54,14.09,B,300
09:32:54,14.08,S,500
09:32:54,14.08,B,1500
09:32:54,14.09,B,100
09:32:54,14.08,S,500
09:32:54,14.08,S,200
09:32:54,14.08,S,300
09:32:54,14.07,S,700
09:32:54,14.09,B,200
09:32:54,14.08,S,2000
09:32:54,14.07,S,2500
09:32:55,14.09,B,1000
09:32:55,14.07,S,500
09:32:56,14.08,B,600
09:32:56,14.09,B,200
09:32:56,14.08,B,600
09:32:56,14.08,B,100
09:32:56,14.08,B,200
09:32:56,14.07,S,500
09:32:56,14.08,B,400
09:32:57,14.09,B,100
09:32:57,14.08,S,100
09:32:57,14.08,S,500
09:32:57,14.08,S,1000
09:32:57,14.08,B,100
09:32:58,14.08,B,1700
09:32:58,14.07,S,300
09:32:58,14.07,S,500
09:32:58,14.07,S,300
09:32:58,14.07,S,400
09:32:58,14.08,B,700
09:32:59,14.08,B,200
09:32:59,14.08,B,500
09:32:59,14.07,S,200
09:32:59,14.08,B,200
09:32:59,14.08,B,100
09:32:59,14.07,S,800
09:32:59,14.08,B,500
09:32:59,14.08,B,500
09:32:59,14.08,B,700
09:32:59,14.08,B,300
09:32:59,14.08,B,200
09:32:59,14.09,B,800
09:32:59,14.09,B,1000
09:32:59,14.09,B,5000
09:32:59,14.09,B,200
09:32:59,14.09,B,2700
09:32:59,14.09,B,200
09:32:59,14.1,B,500
09:32:59,14.09,S,200
09:32:59,14.09,S,400
09:32:59,14.09,S,200
09:32:59,14.1,B,300
09:32:59,14.1,B,500
09:32:59,14.1,B,200
09:32:59,14.1,B,600
09:32:59,14.11,B,300
09:32:59,14.11,B,100
09:33:00,14.1,S,800
09:33:00,14.09,S,2800
09:33:00,14.09,S,2400
09:33:00,14.09,S,100
09:33:00,14.1,S,300
09:33:00,14.09,S,2700
09:33:00,14.09,S,800
09:33:00,14.09,S,1100
09:33:01,14.09,S,1700
09:33:01,14.09,S,400
09:33:01,14.09,S,2500
09:33:01,14.09,S,4000
09:33:01,14.09,S,1500
09:33:01,14.09,S,3500
09:33:01,14.09,S,2000
09:33:02,14.09,S,5000
09:33:02,14.09,S,200
09:33:02,14.09,S,2700
09:33:02,14.1,B,300
09:33:02,14.11,B,600
09:33:02,14.11,B,1000
09:33:02,14.11,B,500
09:33:02,14.12,B,500
09:33:02,14.12,B,400
09:33:02,14.09,S,400
09:33:02,14.09,S,5300
09:33:02,14.09,S,5400
09:33:02,14.09,S,2300
09:33:02,14.09,S,2000
09:33:03,14.09,S,800
09:33:03,14.09,S,100
09:33:03,14.09,S,200
09:33:03,14.09,S,200
09:33:03,14.09,S,100
09:33:03,14.09,S,3800
09:33:04,14.09,S,400
09:33:04,14.09,S,100
09:33:04,14.09,S,2000
09:33:04,14.12,B,100
09:33:04,14.12,B,400
09:33:04,14.09,S,5000
09:33:04,14.09,S,100
09:33:04,14.12,B,100
09:33:04,14.09,S,900
09:33:05,14.09,S,2300
09:33:05,14.09,S,1200
09:33:05,14.09,S,200
09:33:05,14.1,B,300
09:33:05,14.09,S,400
09:33:05,14.09,S,100
09:33:06,14.09,S,700
09:33:06,14.09,S,800
09:33:06,14.1,B,500
09:33:06,14.1,B,400
09:33:06,14.1,B,1400
09:33:06,14.1,S,500
09:33:06,14.1,S,1700
09:33:06,14.09,S,2300
09:33:06,14.09,S,1000
09:33:07,14.09,S,2800
09:33:07,14.09,S,2800
09:33:07,14.09,S,1500
09:33:07,14.09,S,2000
09:33:07,14.09,S,500
09:33:07,14.12,B,700
09:33:07,14.12,B,500
09:33:07,14.12,B,800
09:33:07,14.09,S,500
09:33:07,14.09,S,3400
09:33:07,14.09,S,100
09:33:07,14.09,S,100
09:33:07,14.09,S,1900
09:33:08,14.1,B,500
09:33:08,14.09,S,100
09:33:08,14.09,S,100
09:33:08,14.1,B,1000
09:33:08,14.09,S,500
09:33:08,14.09,S,500
09:33:08,14.09,S,100
09:33:08,14.09,S,300
09:33:08,14.09,S,1000
09:33:08,14.09,S,100
09:33:08,14.09,S,300
09:33:08,14.08,S,500
09:33:08,14.08,S,500
09:33:08,14.08,S,300
09:33:08,14.08,S,900
09:33:08,14.08,S,1000
09:33:08,14.08,S,100
09:33:08,14.08,S,1000
09:33:09,14.09,S,1000
09:33:09,14.08,S,200
09:33:09,14.08,S,600
09:33:09,14.08,S,300
09:33:09,14.08,S,1000
09:33:09,14.08,S,1500
09:33:09,14.08,S,400
09:33:09,14.09,S,400
09:33:09,14.1,B,700
09:33:09,14.1,S,100
09:33:09,14.1,S,3900
09:33:09,14.1,S,500
09:33:09,14.1,S,200
09:33:09,14.1,S,200
09:33:10,14.1,S,300
09:33:10,14.1,S,100
09:33:10,14.1,S,7000
09:33:10,14.1,S,300
09:33:11,14.1,S,5900
09:33:11,14.1,S,200
09:33:11,14.1,S,400
09:33:11,14.1,S,100
09:33:11,14.1,S,400
09:33:11,14.1,S,1100
09:33:11,14.1,S,800
09:33:12,14.1,S,500
09:33:12,14.1,S,8600
09:33:12,14.1,S,4900
09:33:12,14.1,S,2000
09:33:12,14.1,S,4500
09:33:12,14.1,S,100
09:33:12,14.11,S,4000
09:33:12,14.11,S,100
09:33:13,14.11,S,5000
09:33:13,14.11,S,3300
09:33:14,14.11,S,8400
09:33:14,14.11,S,2200
09:33:14,14.1,S,7300
09:33:14,14.1,S,500
09:33:14,14.1,S,800
09:33:14,14.1,S,600
09:33:14,14.1,S,600
09:33:14,14.1,S,1000
09:33:14,14.1,S,2900
09:33:14,14.1,S,500
09:33:14,14.09,S,500
09:33:14,14.09,S,12000
09:33:14,14.09,S,1000
09:33:14,14.09,S,1000
09:33:14,14.09,S,300
09:33:14,14.09,S,1300
09:33:14,14.09,S,1000
09:33:14,14.09,S,100
09:33:14,14.09,S,900
09:33:14,14.09,S,200
09:33:14,14.1,B,2000
09:33:14,14.1,B,200
09:33:14,14.1,B,500
09:33:15,14.1,B,4100
09:33:15,14.12,B,100
09:33:15,14.12,B,2000
09:33:15,14.12,S,200
09:33:15,14.12,S,100
09:33:15,14.12,S,200
09:33:15,14.12,S,100
09:33:15,14.12,S,2000
09:33:16,14.12,S,200
09:33:16,14.12,S,1000
09:33:16,14.1,S,200
09:33:16,14.1,S,300
09:33:16,14.09,S,700
09:33:16,14.09,S,500
09:33:16,14.09,S,300
09:33:17,14.12,S,1800
09:33:17,14.12,S,100
09:33:18,14.12,S,200
09:33:18,14.12,S,10000
09:33:18,14.12,S,1000
09:33:18,14.12,S,100
09:33:19,14.12,S,3600
09:33:19,14.12,S,1500
09:33:20,14.11,S,1000
09:33:20,14.11,S,200
09:33:20,14.11,S,500
09:33:20,14.1,S,1300
09:33:20,14.1,S,800
09:33:20,14.11,S,100
09:33:21,14.11,S,900
09:33:21,14.11,S,700
09:33:21,14.12,B,200
09:33:21,14.11,S,300
09:33:21,14.11,S,1000
09:33:22,14.12,B,1800
09:33:22,14.13,B,200
09:33:22,14.13,B,1500
09:33:22,14.13,B,1700
09:33:22,14.11,S,1000
09:33:22,14.11,S,200
09:33:23,14.12,S,400
09:33:23,14.11,S,1800
09:33:23,14.11,S,500
09:33:23,14.11,S,100
09:33:23,14.1,S,300
09:33:23,14.1,S,500
09:33:23,14.1,S,200
09:33:23,14.1,S,500
09:33:23,14.1,S,500
09:33:23,14.1,S,600
09:33:23,14.1,S,1000
09:33:23,14.1,S,200
09:33:23,14.1,S,800
09:33:23,14.1,S,200
09:33:23,14.1,S,500
09:33:23,14.1,S,100
09:33:23,14.1,S,100
09:33:23,14.1,S,500
09:33:23,14.1,S,1000
09:33:23,14.1,S,1800
09:33:23,14.13,B,900
09:33:23,14.13,B,100
09:33:23,14.1,S,2500
09:33:24,14.1,S,700
09:33:24,14.1,S,300
09:33:24,14.12,S,1100
09:33:24,14.1,S,300
09:33:24,14.1,S,400
09:33:24,14.1,S,300
09:33:24,14.09,S,300
09:33:24,14.09,S,3000
09:33:24,14.09,S,100
09:33:24,14.09,S,1000
09:33:24,14.09,S,500
09:33:24,14.09,S,500
09:33:24,14.09,S,300
09:33:24,14.09,S,200
09:33:24,14.09,S,500
09:33:24,14.09,S,400
09:33:24,14.09,S,500
09:33:24,14.09,S,1000
09:33:24,14.09,S,500
09:33:24,14.09,S,900
09:33:24,14.09,S,100
09:33:24,14.09,S,400
09:33:24,14.09,S,300
09:33:24,14.09,S,1000
09:33:24,14.09,S,200
09:33:24,14.09,S,600
09:33:24,14.09,S,200
09:33:24,14.09,S,800
09:33:24,14.09,S,500
09:33:24,14.09,S,2000
09:33:24,14.09,S,1000
09:33:24,14.09,S,4700
09:33:24,14.13,B,900
09:33:24,14.13,B,100
09:33:24,14.13,B,300
09:33:24,14.13,B,700
09:33:24,14.11,S,400
09:33:24,14.11,S,600
09:33:24,14.09,S,200
09:33:24,14.1,S,1000
09:33:25,14.13,B,1000
09:33:25,14.12,S,900
09:33:25,14.12,S,100
09:33:25,14.13,B,900
09:33:25,14.13,B,100
09:33:25,14.12,S,500
09:33:25,14.13,B,500
09:33:26,14.12,S,1000
09:33:26,14.12,S,1000
09:33:26,14.13,B,1000
09:33:26,14.12,S,1000
09:33:26,14.13,B,100
09:33:26,14.13,B,300
09:33:26,14.13,B,2500
09:33:26,14.13,B,400
09:33:26,14.13,B,400
09:33:26,14.12,S,500
09:33:26,14.12,S,500
09:33:26,14.12,S,100
09:33:27,14.12,S,1000
09:33:27,14.12,S,200
09:33:27,14.12,S,300
09:33:27,14.12,S,100
09:33:27,14.12,S,200
09:33:27,14.13,B,500
09:33:28,14.12,S,300
09:33:28,14.12,S,2300
09:33:28,14.12,S,500
09:33:28,14.12,S,400
09:33:28,14.12,S,100
09:33:28,14.12,S,2300
09:33:28,14.13,B,100
09:33:28,14.13,B,500
09:33:28,14.13,B,200
09:33:28,14.13,S,200
09:33:28,14.13,S,4000
09:33:28,14.12,S,2700
09:33:28,14.12,S,100
09:33:28,14.12,S,1000
09:33:28,14.12,S,200
09:33:28,14.12,S,4000
09:33:28,14.12,S,500
09:33:28,14.12,S,300
09:33:29,14.14,B,200
09:33:29,14.13,S,100
09:33:29,14.12,S,700
09:33:29,14.12,S,200
09:33:29,14.14,B,200
09:33:29,14.12,S,100
09:33:29,14.12,S,500
09:33:29,14.11,S,2000
09:33:29,14.11,S,2000
09:33:30,14.13,S,1500
09:33:30,14.13,S,100
09:33:30,14.13,S,1400
09:33:31,14.13,S,1900
09:33:31,14.13,S,100
09:33:31,14.12,S,100
09:33:31,14.12,S,1000
09:33:31,14.12,S,800
09:33:31,14.12,S,100
09:33:32,14.12,S,200
09:33:32,14.12,S,1000
09:33:32,14.12,S,100
09:33:32,14.14,B,300
09:33:32,14.14,B,500
09:33:32,14.14,B,1200
09:33:32,14.13,S,100
09:33:32,14.13,S,100
09:33:32,14.13,S,600
09:33:32,14.13,S,500
09:33:32,14.13,S,500
09:33:33,14.13,S,900
09:33:33,14.13,S,100
09:33:34,14.13,S,500
09:33:34,14.13,S,300
09:33:34,14.13,S,700
09:33:34,14.13,S,1300
09:33:34,14.13,S,200
09:33:34,14.13,S,600
09:33:34,14.13,S,400
09:33:35,14.13,S,600
09:33:35,14.13,S,400
09:33:35,14.13,S,600
09:33:35,14.13,S,400
09:33:35,14.13,S,1600
09:33:35,14.12,S,800
09:33:35,14.12,S,500
09:33:35,14.12,S,2100
09:33:35,14.13,S,1000
09:33:35,14.13,S,2000
09:33:35,14.12,S,900
09:33:35,14.12,S,1300
09:33:35,14.12,S,900
09:33:36,14.12,S,3300
09:33:36,14.12,S,200
09:33:36,14.12,S,100
09:33:36,14.12,S,2600
09:33:36,14.12,S,500
09:33:36,14.12,S,1000
09:33:36,14.12,S,100
09:33:36,14.12,S,800
09:33:36,14.12,S,100
09:33:37,14.13,S,200
09:33:37,14.14,B,200
09:33:37,14.12,S,100
09:33:37,14.13,S,500
09:33:38,14.14,B,100
09:33:38,14.13,S,200
09:33:38,14.14,B,1000
09:33:39,14.13,S,300
09:33:39,14.13,S,100
09:33:39,14.12,S,800
09:33:39,14.12,S,500
09:33:39,14.12,S,500
09:33:39,14.12,S,100
09:33:39,14.13,S,500
09:33:40,14.14,B,400
09:33:40,14.14,B,200
09:33:40,14.14,B,800
09:33:40,14.14,B,500
09:33:40,14.14,B,1300
09:33:40,14.14,B,100
09:33:40,14.15,B,100
09:33:40,14.15,B,1000
09:33:40,14.15,B,1000
09:33:40,14.15,B,800
09:33:40,14.15,B,1000
09:33:40,14.15,B,200
09:33:40,14.15,B,1000
09:33:40,14.15,B,100
09:33:40,14.15,B,3400
09:33:40,14.15,B,100
09:33:40,14.15,B,4500
09:33:40,14.15,B,300
09:33:40,14.16,B,200
09:33:40,14.16,B,100
09:33:40,14.16,B,100
09:33:40,14.16,B,100
09:33:40,14.17,B,300
09:33:40,14.17,B,10000
09:33:40,14.17,B,500
09:33:40,14.17,B,500
09:33:40,14.17,B,3000
09:33:40,14.18,B,1000
09:33:40,14.18,B,400
09:33:40,14.19,B,600
09:33:40,14.2,B,200
09:33:40,14.2,B,1100
09:33:40,14.2,B,200
09:33:40,14.2,B,200
09:33:40,14.2,B,100
09:33:40,14.2,B,1000
09:33:40,14.2,B,100
09:33:40,14.2,B,100
09:33:40,14.2,B,500
09:33:40,14.2,B,10000
09:33:40,14.2,B,5000
09:33:40,14.2,B,100
09:33:40,14.2,B,100
09:33:40,14.2,B,300
09:33:40,14.2,B,1000
09:33:40,14.2,B,100
09:33:40,14.2,B,2100
09:33:40,14.16,S,100
09:33:40,14.16,S,100
09:33:41,14.16,S,600
09:33:42,14.16,S,2000
09:33:42,14.16,S,1000
09:33:42,14.16,S,700
09:33:42,14.15,S,500
09:33:43,14.15,S,500
09:33:43,14.15,S,300
09:33:43,14.15,S,100
09:33:43,14.15,S,700
09:33:43,14.14,S,300
09:33:43,14.14,S,2600
09:33:43,14.14,S,400
09:33:43,14.14,S,300
09:33:43,14.14,S,900
09:33:43,14.14,S,1200
09:33:44,14.14,S,2000
09:33:44,14.14,S,1700
09:33:44,14.14,S,400
09:33:44,14.14,S,200
09:33:44,14.13,S,1500
09:33:44,14.13,S,2300
09:33:44,14.13,S,700
09:33:44,14.13,S,500
09:33:44,14.13,S,1000
09:33:44,14.13,S,400
09:33:44,14.13,S,1000
09:33:44,14.13,S,1400
09:33:44,14.13,S,100
09:33:45,14.13,S,500
09:33:45,14.13,S,1000
09:33:45,14.13,S,300
09:33:45,14.13,S,500
09:33:45,14.13,S,500
09:33:45,14.13,S,500
09:33:45,14.13,S,500
09:33:45,14.13,S,300
09:33:45,14.13,S,100
09:33:45,14.13,S,400
09:33:45,14.13,S,100
09:33:45,14.13,S,2100
09:33:45,14.13,S,200
09:33:45,14.13,S,500
09:33:45,14.13,S,1000
09:33:45,14.13,S,1500
09:33:45,14.13,S,3000
09:33:45,14.13,S,1000
09:33:45,14.13,S,200
09:33:45,14.13,S,500
09:33:45,14.13,S,500
09:33:45,14.13,S,2000
09:33:45,14.12,S,400
09:33:45,14.12,S,100
09:33:45,14.12,S,600
09:33:45,14.12,S,2000
09:33:45,14.12,S,300
09:33:45,14.12,S,500
09:33:45,14.12,S,1000
09:33:45,14.12,S,200
09:33:45,14.12,S,1000
09:33:45,14.12,S,500
09:33:45,14.12,S,300
09:33:45,14.12,S,700
09:33:45,14.12,S,1000
09:33:45,14.12,S,200
09:33:45,14.12,S,1500
09:33:45,14.12,S,1000
09:33:45,14.12,S,2000
09:33:45,14.12,S,200
09:33:45,14.12,S,300
09:33:45,14.12,S,1600
09:33:45,14.12,S,500
09:33:45,14.11,S,28000
09:33:45,14.11,S,1000
09:33:45,14.11,S,9900
09:33:45,14.14,S,200
09:33:45,14.14,S,1000
09:33:45,14.14,S,800
09:33:45,14.12,S,400
09:33:45,14.11,S,2800
09:33:45,14.11,S,300
09:33:45,14.11,S,500
09:33:45,14.11,S,100
09:33:46,14.13,S,2600
09:33:46,14.14,S,300
09:33:46,14.14,S,100
09:33:46,14.14,S,100
09:33:46,14.14,S,2900
09:33:46,14.14,S,100
09:33:46,14.14,S,600
09:33:47,14.17,B,100
09:33:47,14.17,S,300
09:33:47,14.16,S,100
09:33:47,14.14,S,300
09:33:47,14.14,S,100
09:33:48,14.14,S,1000
09:33:48,14.14,S,100
09:33:48,14.14,S,100
09:33:49,14.15,S,1200
09:33:49,14.14,S,1800
09:33:49,14.14,S,2000
09:33:49,14.14,S,100
09:33:49,14.13,S,100
09:33:49,14.13,S,2000
09:33:49,14.13,S,600
09:33:49,14.13,S,500
09:33:49,14.13,S,100
09:33:49,14.2,B,100
09:33:49,14.2,B,100
09:33:49,14.2,B,1000
09:33:49,14.2,B,100
09:33:49,14.2,B,100
09:33:49,14.2,B,1600
09:33:50,14.18,S,300
09:33:51,14.18,S,600
09:33:52,14.2,B,700
09:33:53,14.18,S,100
09:33:53,14.16,S,2900
09:33:53,14.17,S,600
09:33:53,14.17,S,200
09:33:54,14.17,S,200
09:33:54,14.16,S,100
09:33:54,14.15,S,400
09:33:54,14.19,B,4000
09:33:56,14.19,B,2000
09:33:57,14.16,S,500
09:33:57,14.15,S,300
09:33:57,14.15,S,500
09:33:58,14.15,S,1000
09:33:58,14.15,S,100
09:33:58,14.19,B,700
09:33:59,14.18,S,900
09:33:59,14.19,B,300
09:34:00,14.18,S,1100
09:34:00,14.17,S,100
09:34:00,14.15,S,100
09:34:00,14.15,S,100
09:34:00,14.15,S,700
09:34:01,14.16,S,600
09:34:01,14.16,S,100
09:34:02,14.16,S,800
09:34:03,14.19,B,200
09:34:03,14.19,B,400
09:34:03,14.2,B,1100
09:34:03,14.17,S,100
09:34:03,14.16,S,1400
09:34:03,14.16,S,1500
09:34:04,14.19,B,300
09:34:05,14.18,S,300
09:34:05,14.18,S,200
09:34:05,14.18,S,1000
09:34:05,14.17,S,300
09:34:05,14.17,S,100
09:34:05,14.17,S,400
09:34:06,14.17,S,600
09:34:06,14.17,S,100
09:34:06,14.17,S,200
09:34:06,14.17,S,600
09:34:06,14.17,S,100
09:34:06,14.16,S,4000
09:34:06,14.16,S,1000
09:34:07,14.19,B,2000
09:34:07,14.19,B,500
09:34:08,14.16,S,100
09:34:08,14.16,S,400
09:34:08,14.16,S,1100
09:34:08,14.18,B,200
09:34:08,14.19,B,800
09:34:08,14.16,S,400
09:34:09,14.18,B,200
09:34:09,14.18,B,100
09:34:09,14.19,B,1400
09:34:09,14.19,B,3200
09:34:10,14.18,S,200
09:34:10,14.17,S,100
09:34:10,14.17,S,700
09:34:11,14.17,S,300
09:34:11,14.16,S,100
09:34:11,14.19,B,300
09:34:11,14.19,S,300
09:34:11,14.19,S,1800
09:34:11,14.2,B,2600
09:34:12,14.2,B,5000
09:34:12,14.19,S,300
09:34:12,14.2,B,400
09:34:12,14.19,S,2000
09:34:13,14.19,S,400
09:34:13,14.19,S,300
09:34:13,14.19,S,400
09:34:13,14.19,S,1400
09:34:13,14.19,S,1000
09:34:14,14.19,S,2700
09:34:14,14.19,S,3500
09:34:14,14.19,S,1800
09:34:14,14.19,S,4900
09:34:14,14.19,S,100
09:34:14,14.19,S,500
09:34:14,14.19,S,500
09:34:14,14.18,S,400
09:34:14,14.17,S,300
09:34:14,14.16,S,200
09:34:14,14.16,S,100
09:34:14,14.16,S,3000
09:34:14,14.16,S,2000
09:34:14,14.16,S,1000
09:34:14,14.16,S,200
09:34:14,14.15,S,2800
09:34:14,14.15,S,1000
09:34:14,14.15,S,5000
09:34:14,14.15,S,500
09:34:14,14.15,S,400
09:34:14,14.15,S,6200
09:34:14,14.16,B,1000
09:34:15,14.16,B,2000
09:34:15,14.16,B,3600
09:34:15,14.18,B,100
09:34:15,14.19,S,500
09:34:15,14.19,S,200
09:34:16,14.2,B,6400
09:34:16,14.19,S,200
09:34:16,14.19,S,300
09:34:16,14.19,S,500
09:34:16,14.2,B,1000
09:34:16,14.19,S,1500
09:34:16,14.19,S,1000
09:34:16,14.19,S,300
09:34:17,14.2,B,10000
09:34:17,14.2,B,1000
09:34:17,14.19,S,500
09:34:17,14.19,S,100
09:34:18,14.19,S,300
09:34:19,14.19,S,800
09:34:19,14.19,S,200
09:34:19,14.19,S,500
09:34:19,14.19,S,300
09:34:19,14.19,S,200
09:34:19,14.19,S,500
09:34:19,14.19,S,300
09:34:19,14.2,B,2000
09:34:19,14.2,B,100
09:34:19,14.19,S,200
09:34:20,14.2,B,16900
09:34:22,14.2,B,500
09:34:23,14.2,B,1000
09:34:23,14.19,S,100
09:34:23,14.19,S,500
09:34:24,14.2,B,1000
09:34:24,14.19,S,500
09:34:24,14.19,S,1000
09:34:24,14.19,S,1000
09:34:24,14.19,S,500
09:34:24,14.19,S,500
09:34:24,14.19,S,100
09:34:24,14.19,S,900
09:34:24,14.19,S,1000
09:34:24,14.19,S,2300
09:34:25,14.2,B,1000
09:34:25,14.19,S,200
09:34:25,14.19,S,700
09:34:25,14.19,S,300
09:34:25,14.19,S,200
09:34:27,14.2,B,5200
09:34:27,14.19,S,1600
09:34:27,14.19,S,1000
09:34:27,14.19,S,500
09:34:27,14.19,S,12900
09:34:27,14.2,B,54900
09:34:27,14.19,S,100
09:34:27,14.2,B,5500
09:34:27,14.2,B,3600
09:34:27,14.2,B,1100
09:34:28,14.2,B,600
09:34:28,14.2,B,500
09:34:28,14.2,B,10000
09:34:28,14.2,B,10000
09:34:29,14.19,S,1000
09:34:29,14.2,B,500
09:34:29,14.19,S,100
09:34:29,14.19,S,12000
09:34:30,14.19,S,300
09:34:30,14.19,S,400
09:34:30,14.19,S,1300
09:34:30,14.19,S,500
09:34:30,14.19,S,5000
09:34:30,14.19,S,500
09:34:30,14.19,S,100
09:34:30,14.19,S,2000
09:34:30,14.19,S,200
09:34:30,14.19,S,500
09:34:30,14.19,S,500
09:34:30,14.19,S,1200
09:34:31,14.19,S,100
09:34:31,14.19,S,600
09:34:31,14.19,S,100
09:34:32,14.19,S,300
09:34:32,14.19,S,300
09:34:32,14.19,S,400
09:34:32,14.19,S,200
09:34:32,14.19,S,600
09:34:32,14.19,S,600
09:34:32,14.19,B,800
09:34:32,14.19,B,500
09:34:32,14.19,B,200
09:34:32,14.18,S,1000
09:34:32,14.19,B,700
09:34:33,14.19,B,500
09:34:33,14.19,B,2000
09:34:33,14.19,B,300
09:34:33,14.18,S,500
09:34:33,14.19,B,500
09:34:33,14.19,B,300
09:34:33,14.19,B,200
09:34:33,14.2,B,200
09:34:33,14.19,S,200
09:34:33,14.19,S,100
09:34:33,14.18,S,3500
09:34:33,14.18,S,5000
09:34:34,14.19,S,200
09:34:34,14.19,S,700
09:34:35,14.19,S,200
09:34:35,14.19,S,200
09:34:35,14.2,B,500
09:34:35,14.19,S,200
09:34:36,14.2,B,1000
09:34:36,14.19,S,100
09:34:37,14.2,B,1300
09:34:37,14.2,B,100
09:34:37,14.19,S,100
09:34:37,14.2,B,400
09:34:38,14.19,S,300
09:34:38,14.19,S,300
09:34:38,14.19,S,100
09:34:38,14.19,S,300
09:34:38,14.19,S,300
09:34:38,14.19,S,300
09:34:38,14.2,B,3000
09:34:39,14.2,B,500
09:34:39,14.19,S,100
09:34:39,14.19,S,100
09:34:39,14.2,B,400
09:34:40,14.2,B,14100
09:34:40,14.2,B,400
09:34:40,14.2,B,300
09:34:40,14.2,B,300
09:34:40,14.2,B,900
09:34:40,14.2,B,100
09:34:40,14.2,B,100
09:34:40,14.2,B,200
09:34:40,14.2,B,500
09:34:40,14.2,B,5800
09:34:40,14.2,B,1100
09:34:40,14.2,B,200
09:34:40,14.2,B,900
09:34:40,14.2,B,100
09:34:40,14.2,B,400
09:34:40,14.2,B,1300
09:34:40,14.2,B,500
09:34:40,14.2,B,700
09:34:40,14.2,B,700
09:34:40,14.2,B,700
09:34:40,14.2,B,1000
09:34:40,14.2,B,200
09:34:40,14.2,B,900
09:34:40,14.2,S,1500
09:34:40,14.19,S,100
09:34:40,14.19,S,200
09:34:40,14.2,S,1000
09:34:40,14.19,S,1000
09:34:40,14.19,S,2000
09:34:40,14.19,S,10000
09:34:40,14.19,S,200
09:34:40,14.19,S,200
09:34:40,14.18,S,1000
09:34:40,14.18,S,300
09:34:40,14.18,S,200
09:34:40,14.18,S,500
09:34:41,14.18,B,5000
09:34:41,14.18,B,4700
09:34:41,14.19,B,1600
09:34:41,14.19,B,4400
09:34:41,14.2,S,600
09:34:41,14.18,S,400
09:34:42,14.2,S,300
09:34:42,14.2,S,1700
09:34:42,14.2,S,1100
09:34:42,14.2,S,100
09:34:42,14.19,S,200
09:34:42,14.19,S,500
09:34:42,14.19,S,2400
09:34:42,14.19,S,200
09:34:42,14.21,B,100
09:34:42,14.21,B,100
09:34:42,14.21,B,2000
09:34:42,14.21,B,100
09:34:42,14.21,B,100
09:34:42,14.21,B,800
09:34:42,14.21,B,700
09:34:42,14.22,B,600
09:34:42,14.23,B,2000
09:34:42,14.24,B,1000
09:34:42,14.24,B,1200
09:34:42,14.24,B,400
09:34:42,14.24,B,100
09:34:42,14.24,B,200
09:34:43,14.2,S,300
09:34:43,14.2,S,100
09:34:45,14.2,S,400
09:34:45,14.2,S,300
09:34:46,14.21,S,1900
09:34:46,14.2,S,300
09:34:46,14.2,S,1000
09:34:47,14.21,S,200
09:34:48,14.21,S,100
09:34:48,14.21,S,700
09:34:48,14.2,S,300
09:34:49,14.22,B,300
09:34:49,14.24,B,1700
09:34:50,14.2,S,200
09:34:51,14.2,S,900
09:34:51,14.2,S,1000
09:34:52,14.2,S,800
09:34:52,14.2,S,300
09:34:52,14.2,S,1000
09:34:52,14.2,S,100
09:34:52,14.2,S,800
09:34:54,14.2,S,200
09:34:55,14.2,S,100
09:34:56,14.2,S,300
09:34:56,14.2,S,100
09:34:56,14.2,S,100
09:34:56,14.2,S,800
09:34:56,14.2,S,400
09:34:56,14.2,S,600
09:34:57,14.21,S,100
09:34:58,14.21,S,700
09:34:58,14.21,S,200
09:34:58,14.21,S,500
09:34:59,14.21,S,300
09:34:59,14.23,S,200
09:35:00,14.21,S,200
09:35:00,14.21,S,2300
09:35:00,14.23,B,100
09:35:01,14.21,S,700
09:35:01,14.21,S,500
09:35:01,14.2,S,300
09:35:01,14.2,S,2000
09:35:01,14.2,S,1000
09:35:01,14.2,S,100
09:35:01,14.2,S,400
09:35:02,14.2,S,100
09:35:02,14.21,S,100
09:35:02,14.21,S,300
09:35:02,14.21,S,100
09:35:03,14.2,S,100
09:35:03,14.2,S,100
09:35:04,14.23,B,500
09:35:05,14.21,S,2500
09:35:05,14.21,S,300
09:35:05,14.2,S,1300
09:35:05,14.2,S,1500
09:35:05,14.2,S,100
09:35:05,14.2,S,1000
09:35:05,14.2,S,18200
09:35:06,14.2,S,1300
09:35:07,14.23,B,5000
09:35:08,14.2,S,800
09:35:08,14.2,S,100
09:35:08,14.23,B,200
09:35:08,14.23,B,800
09:35:09,14.23,B,3500
09:35:09,14.24,B,1000
09:35:09,14.24,B,14700
09:35:11,14.24,B,8400
09:35:11,14.21,S,300
09:35:11,14.2,S,600
09:35:11,14.21,S,1100
09:35:11,14.21,S,3900
09:35:11,14.2,S,1100
09:35:12,14.21,S,1000
09:35:12,14.21,S,1000
09:35:12,14.2,S,7900
09:35:12,14.2,S,2500
09:35:12,14.2,S,9300
09:35:12,14.2,S,7300
09:35:12,14.2,S,800
09:35:12,14.2,S,200
09:35:12,14.2,S,300
09:35:12,14.21,S,100
09:35:12,14.21,S,500
09:35:12,14.2,S,1500
09:35:12,14.2,S,200
09:35:12,14.2,S,200
09:35:12,14.2,S,400
09:35:12,14.2,S,1000
09:35:12,14.2,S,500
09:35:12,14.2,S,900
09:35:13,14.24,B,1500
09:35:14,14.23,B,3000
09:35:14,14.24,B,300
09:35:14,14.23,S,500
09:35:14,14.23,S,500
09:35:14,14.23,S,200
09:35:14,14.21,S,800
09:35:14,14.24,B,500
09:35:15,14.23,B,1800
09:35:15,14.24,B,500
09:35:16,14.24,B,3000
09:35:16,14.24,B,200
09:35:16,14.24,B,2000
09:35:16,14.24,B,100
09:35:16,14.24,B,100
09:35:16,14.24,B,500
09:35:16,14.24,B,200
09:35:16,14.24,B,500
09:35:17,14.24,S,200
09:35:17,14.24,S,300
09:35:17,14.21,S,200
09:35:18,14.23,S,100
09:35:19,14.24,S,500
09:35:19,14.24,S,200
09:35:19,14.25,B,300
09:35:20,14.24,S,300
09:35:20,14.24,S,100
09:35:20,14.24,S,100
09:35:20,14.23,S,700
09:35:20,14.23,S,200
09:35:20,14.23,S,200
09:35:20,14.22,S,200
09:35:20,14.21,S,1000
09:35:20,14.21,S,1000
09:35:20,14.21,S,700
09:35:20,14.21,S,1500
09:35:20,14.21,S,4000
09:35:20,14.21,S,10000
09:35:20,14.21,S,2000
09:35:20,14.2,S,1100
09:35:20,14.2,S,3000
09:35:20,14.2,S,200
09:35:20,14.2,S,2000
09:35:20,14.2,S,500
09:35:20,14.2,S,500
09:35:20,14.2,S,3000
09:35:20,14.2,S,4000
09:35:20,14.2,S,100
09:35:20,14.2,S,800
09:35:20,14.2,S,500
09:35:20,14.2,S,1000
09:35:20,14.2,S,1000
09:35:20,14.2,S,3000
09:35:20,14.2,S,12200
09:35:20,14.2,S,300
09:35:20,14.2,S,4100
09:35:20,14.2,S,1000
09:35:20,14.2,S,1000
09:35:20,14.2,S,400
09:35:20,14.2,S,1000
09:35:20,14.2,S,300
09:35:20,14.2,S,1000
09:35:20,14.2,S,1000
09:35:20,14.2,S,1000
09:35:20,14.2,S,500
09:35:20,14.2,S,5000
09:35:20,14.2,S,400
09:35:20,14.2,S,300
09:35:20,14.2,S,1000
09:35:20,14.2,S,100
09:35:20,14.2,S,1000
09:35:20,14.2,S,200
09:35:20,14.2,S,500
09:35:20,14.2,S,500
09:35:20,14.2,S,2000
09:35:20,14.2,S,10000
09:35:20,14.2,S,900
09:35:20,14.2,S,2000
09:35:20,14.2,S,500
09:35:20,14.2,S,200
09:35:20,14.2,S,900
09:35:20,14.2,S,800
09:35:20,14.2,S,1000
09:35:20,14.2,S,3000
09:35:20,14.2,S,1000
09:35:21,14.2,B,700
09:35:21,14.2,B,800
09:35:21,14.2,B,200
09:35:21,14.2,B,100
09:35:21,14.2,B,100
09:35:22,14.2,B,500
09:35:22,14.2,B,300
09:35:22,14.2,B,100
09:35:22,14.2,B,200
09:35:22,14.2,B,100
09:35:22,14.2,B,100
09:35:23,14.21,B,1000
09:35:23,14.2,S,200
09:35:23,14.2,S,200
09:35:23,14.21,B,500
09:35:24,14.24,B,1000
09:35:25,14.23,S,300
09:35:25,14.23,S,200
09:35:25,14.23,B,1100
09:35:25,14.24,B,500
09:35:26,14.24,S,400
09:35:26,14.24,S,300
09:35:26,14.25,B,700
09:35:26,14.25,B,1000
09:35:26,14.25,B,400
09:35:26,14.25,B,900
09:35:26,14.24,S,300
09:35:26,14.24,S,700
09:35:27,14.24,S,2800
09:35:27,14.22,S,200
09:35:27,14.21,S,10000
09:35:27,14.21,S,2000
09:35:27,14.21,S,3200
09:35:27,14.21,S,1000
09:35:27,14.21,S,1000
09:35:27,14.21,S,700
09:35:27,14.21,S,1000
09:35:27,14.21,S,300
09:35:27,14.21,B,400
09:35:28,14.21,B,700
09:35:28,14.21,B,1000
09:35:28,14.2,S,100
09:35:29,14.2,S,200
09:35:29,14.2,S,300
09:35:29,14.21,B,2000
09:35:29,14.21,B,500
09:35:29,14.21,B,200
09:35:29,14.2,S,200
09:35:29,14.2,S,1500
09:35:29,14.2,S,200
09:35:29,14.2,S,100
09:35:29,14.2,S,3700
09:35:29,14.2,S,1300
09:35:29,14.2,S,1400
09:35:30,14.21,B,3700
09:35:31,14.21,B,5000
09:35:31,14.2,S,300
09:35:31,14.21,B,300
09:35:32,14.21,B,7100
09:35:33,14.21,B,200
09:35:33,14.21,B,200
09:35:33,14.21,B,5000
09:35:34,14.21,B,400
09:35:34,14.2,S,300
09:35:34,14.2,S,200
09:35:34,14.2,S,200
09:35:34,14.2,S,200
09:35:34,14.2,S,1600
09:35:34,14.21,B,100
09:35:35,14.21,B,400
09:35:36,14.21,B,200
09:35:36,14.21,B,300
09:35:36,14.21,B,700
09:35:36,14.21,B,4000
09:35:36,14.21,B,600
09:35:36,14.2,S,300
09:35:36,14.21,B,700
09:35:36,14.21,B,1300
09:35:36,14.21,B,700
09:35:36,14.21,B,100
09:35:36,14.21,B,100
09:35:36,14.21,B,1100
09:35:36,14.2,S,2400
09:35:37,14.21,B,300
09:35:37,14.2,S,900
09:35:37,14.2,S,3000
09:35:37,14.2,S,100
09:35:37,14.2,S,500
09:35:37,14.2,S,5100
09:35:37,14.21,B,1000
09:35:39,14.21,B,1000
09:35:39,14.21,B,200
09:35:39,14.21,B,100
09:35:39,14.22,B,1800
09:35:39,14.22,B,200
09:35:39,14.22,B,1000
09:35:40,14.21,B,900
09:35:41,14.21,B,600
09:35:41,14.2,S,900
09:35:41,14.2,S,200
09:35:41,14.2,S,500
09:35:41,14.2,S,300
09:35:41,14.2,S,1000
09:35:41,14.2,S,100
09:35:41,14.2,S,200
09:35:41,14.2,S,800
09:35:41,14.2,S,500
09:35:41,14.2,S,600
09:35:41,14.2,S,200
09:35:41,14.2,S,2000
09:35:41,14.2,S,5100
09:35:41,14.2,S,300
09:35:41,14.2,S,100
09:35:41,14.2,S,2100
09:35:41,14.2,S,1000
09:35:42,14.19,S,1300
09:35:42,14.2,B,100
09:35:43,14.19,S,5000
09:35:43,14.2,B,500
09:35:43,14.2,B,700
09:35:43,14.2,B,700
09:35:43,14.2,B,2000
09:35:44,14.2,B,900
09:35:44,14.2,B,900
09:35:44,14.2,B,500
09:35:44,14.2,B,500
09:35:45,14.2,B,3000
09:35:45,14.19,S,600
09:35:45,14.2,B,500
09:35:45,14.2,B,8100
09:35:45,14.2,B,1000
09:35:45,14.2,B,100
09:35:45,14.2,B,300
09:35:45,14.2,S,200
09:35:46,14.21,B,200
09:35:47,14.21,B,1300
09:35:47,14.21,B,500
09:35:47,14.21,B,200
09:35:48,14.21,B,100
09:35:48,14.22,B,100
09:35:48,14.22,B,900
09:35:48,14.21,S,200
09:35:48,14.21,S,1200
09:35:48,14.21,S,1800
09:35:48,14.21,S,200
09:35:48,14.21,S,2000
09:35:49,14.21,B,1000
09:35:49,14.2,S,200
09:35:49,14.21,B,1800
09:35:49,14.21,S,100
09:35:49,14.22,B,800
09:35:50,14.21,S,100
09:35:50,14.2,S,100
09:35:50,14.2,S,1800
09:35:50,14.2,S,500
09:35:50,14.2,S,200
09:35:50,14.22,B,300
09:35:51,14.21,S,200
09:35:52,14.21,S,800
09:35:52,14.21,S,1000
09:35:52,14.21,S,700
09:35:52,14.21,S,500
09:35:53,14.21,B,500
09:35:53,14.2,S,100
09:35:54,14.21,B,500
09:35:54,14.21,B,300
09:35:54,14.2,S,400
09:35:54,14.2,S,4600
09:35:55,14.2,S,400
09:35:55,14.21,B,500
09:35:56,14.2,S,1200
09:35:56,14.2,S,1800
09:35:56,14.21,B,5000
09:35:56,14.21,B,200
09:35:56,14.2,S,900
09:35:56,14.2,S,1000
09:35:56,14.2,S,200
09:35:56,14.21,B,1000
09:35:56,14.2,S,1000
09:35:56,14.21,B,500
09:35:57,14.21,B,1300
09:35:57,14.2,S,700
09:35:57,14.2,S,1500
09:35:57,14.21,B,1000
09:35:57,14.2,S,200
09:35:57,14.21,B,700
09:35:57,14.21,B,100
09:35:58,14.21,B,500
09:35:58,14.2,S,1400
09:35:58,14.2,S,6700
09:35:58,14.2,S,3000
09:35:58,14.21,B,1400
09:35:58,14.21,B,500
09:35:58,14.2,S,500
09:35:59,14.21,B,200
09:35:59,14.2,S,2800
09:35:59,14.21,B,500
09:36:00,14.21,B,800
09:36:01,14.2,S,3500
09:36:01,14.21,B,200
09:36:01,14.2,S,2500
09:36:02,14.21,B,1000
09:36:02,14.2,S,7000
09:36:02,14.2,S,100
09:36:03,14.21,B,500
09:36:03,14.2,S,1000
09:36:04,14.21,B,500
09:36:04,14.21,B,200
09:36:05,14.2,S,5000
09:36:06,14.21,B,200
09:36:06,14.2,S,3000
09:36:06,14.2,S,5000
09:36:06,14.2,S,1200
09:36:06,14.2,S,500
09:36:06,14.2,S,400
09:36:06,14.2,S,500
09:36:06,14.2,S,400
09:36:06,14.2,S,200
09:36:06,14.2,S,200
09:36:06,14.2,S,500
09:36:06,14.2,S,1000
09:36:06,14.2,S,100
09:36:06,14.2,S,700
09:36:06,14.2,S,200
09:36:06,14.2,S,2000
09:36:06,14.2,S,5000
09:36:06,14.2,S,200
09:36:06,14.2,S,2900
09:36:06,14.2,S,300
09:36:06,14.2,S,1000
09:36:06,14.2,S,1000
09:36:06,14.2,S,3100
09:36:06,14.2,S,300
09:36:06,14.2,S,1000
09:36:06,14.2,S,1000
09:36:06,14.2,S,2800
09:36:06,14.2,S,1600
09:36:06,14.2,S,2000
09:36:06,14.2,S,100
09:36:06,14.2,S,1000
09:36:06,14.2,S,1000
09:36:06,14.2,S,1000
09:36:06,14.2,S,100
09:36:06,14.2,S,500
09:36:06,14.2,S,2000
09:36:06,14.2,S,1000
09:36:06,14.2,S,500
09:36:06,14.2,S,700
09:36:06,14.2,S,500
09:36:06,14.2,S,600
09:36:06,14.2,S,900
09:36:06,14.2,S,200
09:36:06,14.2,S,4000
09:36:06,14.2,S,500
09:36:06,14.2,S,300
09:36:06,14.19,S,100
09:36:06,14.19,S,400
09:36:06,14.19,S,300
09:36:06,14.19,S,1000
09:36:06,14.19,S,3800
09:36:06,14.19,S,300
09:36:06,14.19,S,1000
09:36:07,14.2,S,100
09:36:07,14.19,S,400
09:36:07,14.2,S,600
09:36:07,14.19,S,1600
09:36:07,14.19,S,600
09:36:07,14.19,S,200
09:36:07,14.19,S,500
09:36:07,14.19,S,500
09:36:07,14.2,B,1000
09:36:07,14.2,B,200
09:36:07,14.2,S,600
09:36:08,14.2,S,700
09:36:08,14.21,B,800
09:36:08,14.2,S,500
09:36:08,14.2,S,700
09:36:08,14.21,B,200
09:36:08,14.2,S,100
09:36:09,14.2,S,1200
09:36:09,14.2,S,2000
09:36:09,14.2,S,500
09:36:09,14.2,S,500
09:36:10,14.21,B,1000
09:36:11,14.2,S,600
09:36:11,14.21,B,1000
09:36:11,14.21,B,400
09:36:11,14.2,S,1500
09:36:12,14.21,B,5000
09:36:12,14.21,B,500
09:36:12,14.21,B,400
09:36:12,14.21,B,500
09:36:12,14.21,B,100
09:36:12,14.21,B,500
09:36:12,14.2,S,100
09:36:13,14.2,S,800
09:36:13,14.2,S,100
09:36:13,14.21,B,1500
09:36:13,14.21,S,500
09:36:13,14.2,S,300
09:36:13,14.21,S,500
09:36:14,14.21,B,2000
09:36:15,14.21,S,500
09:36:15,14.22,B,1000
09:36:15,14.22,B,500
09:36:15,14.22,B,200
09:36:15,14.22,B,400
09:36:15,14.21,S,1600
09:36:15,14.21,S,1400
09:36:15,14.21,S,300
09:36:16,14.21,S,4800
09:36:16,14.21,S,2000
09:36:17,14.21,B,200
09:36:17,14.21,B,6500
09:36:17,14.21,S,300
09:36:17,14.21,S,500
09:36:17,14.2,S,600
09:36:17,14.2,S,2700
09:36:17,14.2,S,100
09:36:17,14.21,S,100
09:36:17,14.21,S,700
09:36:17,14.2,S,5300
09:36:18,14.21,S,900
09:36:18,14.21,S,1500
09:36:18,14.21,S,1600
09:36:18,14.21,S,200
09:36:18,14.21,S,100
09:36:19,14.21,S,100
09:36:19,14.21,S,600
09:36:19,14.21,S,200
09:36:19,14.21,S,300
09:36:19,14.21,S,200
09:36:19,14.21,S,500
09:36:19,14.21,S,100
09:36:20,14.2,S,800
09:36:20,14.21,B,100
09:36:20,14.21,B,200
09:36:21,14.21,B,200
09:36:22,14.2,S,2000
09:36:22,14.2,S,200
09:36:22,14.21,B,400
09:36:22,14.21,B,600
09:36:22,14.2,S,1300
09:36:22,14.2,S,300
09:36:23,14.2,S,200
09:36:23,14.21,B,1000
09:36:23,14.2,S,100
09:36:24,14.2,S,500
09:36:24,14.21,B,100
09:36:25,14.2,S,2619
09:36:25,14.21,B,100
09:36:25,14.21,B,100
09:36:25,14.21,B,1100
09:36:25,14.21,B,1000
09:36:25,14.21,B,300
09:36:25,14.21,B,600
09:36:25,14.2,S,400
09:36:26,14.21,B,400
09:36:26,14.22,B,100
09:36:26,14.22,B,100
09:36:26,14.22,B,4400
09:36:26,14.21,S,1000
09:36:26,14.2,S,3981
09:36:26,14.2,S,500
09:36:26,14.2,S,1100
09:36:26,14.2,S,300
09:36:26,14.2,S,819
09:36:26,14.21,S,300
09:36:26,14.2,S,181
09:36:26,14.2,S,500
09:36:26,14.2,S,2000
09:36:26,14.2,S,200
09:36:26,14.2,S,100
09:36:26,14.2,S,200
09:36:26,14.2,S,1000
09:36:26,14.2,S,619
09:36:26,14.2,S,381
09:36:26,14.2,S,500
09:36:26,14.2,S,1000
09:36:26,14.2,S,500
09:36:26,14.2,S,800
09:36:26,14.2,S,500
09:36:26,14.2,S,100
09:36:26,14.2,S,500
09:36:26,14.2,S,1000
09:36:26,14.2,S,1100
09:36:26,14.2,S,1000
09:36:26,14.2,S,1000
09:36:26,14.2,S,100
09:36:26,14.2,S,1000
09:36:26,14.2,S,500
09:36:26,14.2,S,1000
09:36:26,14.19,S,300
09:36:26,14.19,S,1000
09:36:26,14.19,S,800
09:36:26,14.19,S,1000
09:36:26,14.19,S,1000
09:36:26,14.19,S,3000
09:36:26,14.19,S,6600
09:36:26,14.19,S,1000
09:36:26,14.19,S,1000
09:36:26,14.19,S,200
09:36:26,14.19,S,2000
09:36:26,14.19,S,1000
09:36:26,14.19,S,1000
09:36:27,14.19,B,1000
09:36:27,14.19,B,419
09:36:27,14.22,B,2381
09:36:27,14.18,S,400
09:36:27,14.2,B,100
09:36:27,14.2,B,400
09:36:28,14.2,B,300
09:36:28,14.2,B,800
09:36:28,14.21,B,300
09:36:28,14.21,B,100
09:36:28,14.2,B,500
09:36:28,14.2,B,200
09:36:29,14.2,B,200
09:36:29,14.21,B,400
09:36:29,14.21,B,100
09:36:29,14.21,B,300
09:36:29,14.2,S,500
09:36:30,14.2,B,200
09:36:30,14.2,B,1000
09:36:30,14.2,B,1000
09:36:31,14.2,B,200
09:36:31,14.2,B,2000
09:36:31,14.2,B,400
09:36:31,14.2,B,2000
09:36:32,14.2,B,100
09:36:32,14.2,B,600
09:36:32,14.2,B,1000
09:36:34,14.2,B,500
09:36:34,14.2,B,500
09:36:34,14.19,S,200
09:36:34,14.2,B,100
09:36:35,14.2,B,500
09:36:35,14.2,B,400
09:36:35,14.2,B,500
09:36:35,14.2,B,500
09:36:35,14.2,B,500
09:36:36,14.2,B,1500
09:36:37,14.19,S,400
09:36:37,14.2,B,400
09:36:37,14.19,S,400
09:36:37,14.19,S,500
09:36:37,14.18,S,300
09:36:37,14.2,B,100
09:36:38,14.18,S,300
09:36:38,14.18,S,3000
09:36:38,14.18,S,1000
09:36:38,14.18,S,1000
09:36:38,14.18,S,2000
09:36:38,14.18,S,300
09:36:38,14.18,S,2000
09:36:38,14.18,S,500
09:36:38,14.18,S,1000
09:36:38,14.18,S,400
09:36:38,14.18,S,1600
09:36:39,14.19,B,200
09:36:40,14.19,B,200
09:36:40,14.19,B,2100
09:36:40,14.19,B,1000
09:36:40,14.19,B,1000
09:36:40,14.19,B,300
09:36:41,14.18,S,400
09:36:42,14.19,B,1500
09:36:42,14.19,B,3900
09:36:43,14.19,B,1300
09:36:43,14.19,B,700
09:36:43,14.18,S,1000
09:36:43,14.18,S,1400
09:36:43,14.18,S,400
09:36:43,14.19,B,300
09:36:43,14.19,B,200
09:36:44,14.18,S,800
09:36:45,14.19,B,1000
09:36:46,14.19,B,2000
09:36:46,14.19,B,500
09:36:46,14.19,B,200
09:36:47,14.19,B,500
09:36:47,14.18,S,2000
09:36:47,14.18,S,400
09:36:47,14.19,B,100
09:36:47,14.18,S,400
09:36:48,14.19,B,2000
09:36:48,14.18,S,1200
09:36:48,14.18,S,1000
09:36:48,14.18,S,1000
09:36:48,14.18,S,300
09:36:48,14.18,S,600
09:36:48,14.18,S,200
09:36:48,14.18,S,1900
09:36:49,14.18,S,100
09:36:49,14.18,S,200
09:36:49,14.19,B,1000
09:36:49,14.18,S,400
09:36:49,14.18,S,100
09:36:49,14.19,B,400
09:36:50,14.18,S,1900
09:36:50,14.19,B,20000
09:36:50,14.19,B,100
09:36:50,14.18,S,600
09:36:50,14.18,S,1200
09:36:51,14.19,B,2500
09:36:51,14.18,S,800
09:36:51,14.18,S,1500
09:36:51,14.18,S,200
09:36:51,14.18,S,100
09:36:51,14.18,S,100
09:36:51,14.18,S,1000
09:36:51,14.18,S,1300
09:36:51,14.18,S,700
09:36:51,14.18,S,800
09:36:51,14.18,S,4000
09:36:51,14.18,S,300
09:36:51,14.18,S,500
09:36:51,14.18,S,400
09:36:52,14.18,S,600
09:36:52,14.18,S,500
09:36:52,14.18,S,2000
09:36:52,14.17,S,10000
09:36:52,14.17,S,900
09:36:52,14.19,B,300
09:36:52,14.19,B,900
09:36:52,14.19,B,16400
09:36:53,14.19,B,3000
09:36:54,14.19,B,500
09:36:54,14.19,B,2000
09:36:54,14.18,S,700
09:36:54,14.18,S,1500
09:36:55,14.18,B,2000
09:36:55,14.18,B,1000
09:36:55,14.18,B,700
09:36:55,14.18,B,700
09:36:55,14.19,B,500
09:36:55,14.19,B,500
09:36:55,14.19,B,3000
09:36:56,14.17,S,4000
09:36:56,14.17,S,1000
09:36:56,14.17,S,100
09:36:56,14.17,S,2100
09:36:56,14.17,S,200
09:36:56,14.17,S,500
09:36:56,14.17,S,900
09:36:56,14.17,S,300
09:36:56,14.16,S,400
09:36:56,14.16,S,600
09:36:56,14.16,S,800
09:36:56,14.16,S,1000
09:36:56,14.16,S,1000
09:36:56,14.16,S,1000
09:36:56,14.16,S,1000
09:36:56,14.16,S,2000
09:36:56,14.16,S,200
09:36:56,14.16,S,1000
09:36:56,14.16,S,300
09:36:56,14.16,S,1000
09:36:56,14.16,S,1000
09:36:56,14.16,S,300
09:36:56,14.15,S,2000
09:36:56,14.15,S,200
09:36:56,14.15,S,300
09:36:56,14.15,S,1000
09:36:56,14.15,S,20000
09:36:56,14.15,S,2200
09:36:56,14.15,S,5000
09:36:56,14.15,S,500
09:36:56,14.15,S,2000
09:36:56,14.15,S,500
09:36:56,14.15,S,1400
09:36:56,14.15,S,1000
09:36:56,14.15,S,100
09:36:56,14.15,S,1000
09:36:56,14.15,S,2000
09:36:56,14.15,S,100
09:36:56,14.18,B,5000
09:36:56,14.19,B,18200
09:36:57,14.17,B,500
09:36:57,14.15,S,400
09:36:58,14.16,S,1000
09:36:58,14.15,S,500
09:36:58,14.15,S,200
09:36:58,14.15,S,1000
09:36:58,14.15,S,300
09:36:58,14.15,S,300
09:36:58,14.15,S,1700
09:36:59,14.17,B,300
09:36:59,14.15,S,400
09:36:59,14.15,S,700
09:37:00,14.15,S,300
09:37:00,14.17,B,300
09:37:00,14.15,S,1600
09:37:00,14.15,S,300
09:37:00,14.15,S,400
09:37:00,14.15,S,200
09:37:00,14.15,S,100
09:37:00,14.15,S,100
09:37:00,14.15,S,100
09:37:00,14.15,S,200
09:37:00,14.15,S,600
09:37:00,14.15,S,400
09:37:00,14.15,S,100
09:37:00,14.15,S,400
09:37:01,14.17,B,300
09:37:01,14.17,B,900
09:37:02,14.17,B,800
09:37:02,14.17,B,2000
09:37:03,14.17,B,300
09:37:03,14.17,B,600
09:37:03,14.17,B,1600
09:37:03,14.17,B,500
09:37:03,14.17,B,500
09:37:03,14.16,S,300
09:37:03,14.17,B,600
09:37:04,14.17,B,300
09:37:04,14.17,B,3000
09:37:05,14.17,B,100
09:37:05,14.17,B,1000
09:37:06,14.17,B,1000
09:37:06,14.17,B,200
09:37:06,14.17,B,100
09:37:07,14.17,B,3000
09:37:07,14.17,B,200
09:37:07,14.17,B,100
09:37:08,14.17,B,500
09:37:08,14.17,B,900
09:37:08,14.17,B,500
09:37:08,14.17,B,3200
09:37:08,14.17,B,1600
09:37:09,14.16,S,100
09:37:09,14.17,B,1100
09:37:09,14.17,B,1000
09:37:09,14.17,B,2000
09:37:10,14.16,S,200
09:37:10,14.16,S,300
09:37:11,14.16,B,500
09:37:11,14.17,B,200
09:37:11,14.15,S,1100
09:37:11,14.15,S,900
09:37:11,14.15,S,400
09:37:11,14.15,S,500
09:37:11,14.15,S,1000
09:37:11,14.15,S,200
09:37:11,14.15,S,100
09:37:11,14.15,S,400
09:37:11,14.17,B,1000
09:37:11,14.17,B,1000
09:37:11,14.15,S,100
09:37:11,14.15,S,500
09:37:11,14.15,S,500
09:37:11,14.15,S,400
09:37:11,14.15,S,500
09:37:11,14.15,S,1000
09:37:12,14.15,B,1300
09:37:12,14.16,B,500
09:37:12,14.17,B,700
09:37:12,14.16,B,200
09:37:14,14.15,B,1000
09:37:15,14.15,B,200
09:37:15,14.15,B,800
09:37:16,14.14,S,400
09:37:16,14.15,B,500
09:37:16,14.15,B,300
09:37:16,14.15,B,100
09:37:16,14.14,S,600
09:37:16,14.14,S,1000
09:37:16,14.14,S,400
09:37:16,14.14,S,300
09:37:16,14.14,S,100
09:37:16,14.15,B,1000
09:37:17,14.15,B,700
09:37:17,14.15,B,300
09:37:17,14.15,B,2400
09:37:17,14.15,B,300
09:37:17,14.15,B,500
09:37:17,14.15,B,300
09:37:17,14.16,B,500
09:37:18,14.16,B,500
09:37:18,14.16,B,600
09:37:18,14.16,B,1900
09:37:18,14.15,S,500
09:37:19,14.15,B,100
09:37:20,14.15,B,100
09:37:20,14.15,B,500
09:37:20,14.15,S,1400
09:37:20,14.14,S,200
09:37:20,14.14,S,1000
09:37:20,14.14,S,1400
09:37:20,14.16,B,1000
09:37:20,14.15,B,500
09:37:20,14.16,B,900
09:37:20,14.15,B,500
09:37:20,14.15,B,1300
09:37:20,14.16,B,200
09:37:21,14.15,B,1000
09:37:21,14.16,B,1000
09:37:22,14.16,B,1000
09:37:22,14.16,B,700
09:37:22,14.16,B,300
09:37:23,14.14,S,800
09:37:23,14.14,S,2600
09:37:23,14.14,S,1000
09:37:23,14.14,S,200
09:37:23,14.14,S,500
09:37:23,14.14,S,800
09:37:23,14.14,S,500
09:37:23,14.14,S,1000
09:37:23,14.14,S,1000
09:37:23,14.14,S,500
09:37:23,14.14,S,2000
09:37:23,14.14,S,20000
09:37:23,14.14,S,1000
09:37:23,14.14,S,600
09:37:23,14.14,S,500
09:37:23,14.14,S,6600
09:37:23,14.14,S,500
09:37:23,14.14,S,10000
09:37:23,14.14,S,700
09:37:24,14.15,B,300
09:37:24,14.16,B,1900
09:37:24,14.16,B,500
09:37:24,14.16,B,1000
09:37:24,14.16,B,1300
09:37:24,14.16,B,200
09:37:24,14.16,B,300
09:37:24,14.15,S,500
09:37:24,14.14,S,300
09:37:24,14.14,S,200
09:37:25,14.15,B,200
09:37:25,14.16,B,300
09:37:25,14.15,B,400
09:37:25,14.16,B,200
09:37:25,14.16,B,200
09:37:26,14.15,S,600
09:37:26,14.15,S,1500
09:37:26,14.15,S,400
09:37:26,14.16,B,200
09:37:27,14.16,B,1300
09:37:27,14.16,B,800
09:37:27,14.16,B,100
09:37:27,14.16,B,1000
09:37:28,14.15,S,100
09:37:28,14.15,S,900
09:37:29,14.16,B,100
09:37:29,14.15,S,600
09:37:29,14.16,B,1000
09:37:30,14.16,B,2000
09:37:30,14.16,B,2400
09:37:30,14.16,B,500
09:37:30,14.16,B,400
09:37:30,14.16,B,200
09:37:30,14.15,S,2000
09:37:30,14.15,S,200
09:37:30,14.15,S,200
09:37:30,14.16,B,300
09:37:30,14.16,B,500
09:37:30,14.16,B,500
09:37:31,14.15,S,200
09:37:31,14.15,S,200
09:37:31,14.15,S,200
09:37:31,14.16,B,1000
09:37:31,14.16,B,1800
09:37:31,14.16,B,200
09:37:32,14.15,S,500
09:37:32,14.15,S,100
09:37:32,14.15,S,300
09:37:32,14.15,S,100
09:37:32,14.15,S,100
09:37:32,14.15,S,600
09:37:32,14.16,B,1800
09:37:32,14.16,B,8200
09:37:33,14.15,S,400
09:37:33,14.15,S,300
09:37:33,14.15,S,500
09:37:33,14.15,S,100
09:37:33,14.15,S,100
09:37:33,14.15,B,1600
09:37:33,14.16,B,3000
09:37:33,14.16,B,5000
09:37:33,14.15,S,1400
09:37:33,14.14,S,300
09:37:33,14.14,S,100
09:37:33,14.14,S,1000
09:37:33,14.14,S,100
09:37:33,14.14,S,200
09:37:33,14.14,S,1000
09:37:33,14.14,S,1000
09:37:33,14.14,S,100
09:37:33,14.14,S,800
09:37:34,14.15,S,1400
09:37:34,14.14,S,2000
09:37:34,14.14,S,100
09:37:35,14.15,B,100
09:37:35,14.15,B,2400
09:37:35,14.14,S,500
09:37:36,14.15,B,3000
09:37:36,14.14,S,500
09:37:36,14.15,B,1000
09:37:36,14.15,B,700
09:37:36,14.15,B,200
09:37:36,14.15,B,1000
09:37:37,14.15,B,3100
09:37:37,14.15,B,6900
09:37:39,14.15,B,3000
09:37:39,14.14,S,100
09:37:39,14.14,S,1000
09:37:39,14.14,S,100
09:37:39,14.14,S,200
09:37:40,14.15,B,300
09:37:40,14.15,B,600
09:37:40,14.15,B,500
09:37:40,14.14,S,1000
09:37:40,14.14,S,2200
09:37:41,14.15,B,400
09:37:41,14.14,S,100
09:37:41,14.14,S,400
09:37:42,14.15,B,100
09:37:42,14.15,B,800
09:37:43,14.15,B,600
09:37:43,14.15,B,2500
09:37:43,14.15,B,2700
09:37:43,14.14,S,1900
09:37:43,14.14,S,300
09:37:44,14.15,B,2000
09:37:44,14.15,B,600
09:37:44,14.14,S,3100
09:37:44,14.15,B,1000
09:37:45,14.15,B,700
09:37:45,14.15,B,300
09:37:45,14.15,B,3000
09:37:46,14.15,B,300
09:37:46,14.14,S,300
09:37:46,14.14,S,1000
09:37:46,14.15,B,2000
09:37:46,14.14,S,5000
09:37:47,14.14,S,5000
09:37:47,14.14,S,1800
09:37:47,14.14,S,100
09:37:47,14.14,S,400
09:37:47,14.14,S,200
09:37:48,14.14,S,500
09:37:49,14.14,S,1200
09:37:49,14.14,S,200
09:37:49,14.14,S,500
09:37:49,14.14,S,200
09:37:49,14.14,S,900
09:37:49,14.14,S,100
09:37:49,14.14,S,1000
09:37:50,14.15,B,100
09:37:50,14.14,S,200
09:37:50,14.14,S,200
09:37:50,14.14,S,300
09:37:50,14.14,S,100
09:37:50,14.15,B,1000
09:37:50,14.14,S,900
09:37:50,14.14,B,100
09:37:50,14.15,B,9900
09:37:50,14.14,B,500
09:37:50,14.15,B,300
09:37:51,14.14,B,400
09:37:51,14.14,B,100
09:37:51,14.13,S,200
09:37:51,14.14,B,100
09:37:52,14.14,B,700
09:37:52,14.14,B,1300
09:37:52,14.14,B,300
09:37:52,14.14,B,5000
09:37:53,14.14,B,2400
09:37:53,14.14,B,800
09:37:53,14.14,B,800
09:37:53,14.14,B,300
09:37:53,14.14,B,200
09:37:54,14.14,B,500
09:37:54,14.14,B,2000
09:37:54,14.14,B,300
09:37:55,14.14,B,1000
09:37:55,14.14,B,1000
09:37:56,14.14,B,600
09:37:56,14.14,B,1000
09:37:56,14.14,B,500
09:37:56,14.14,B,1900
09:37:56,14.14,B,1000
09:37:56,14.14,B,500
09:37:57,14.14,B,500
09:37:58,14.14,B,100
09:37:58,14.14,B,1900
09:37:59,14.14,B,300
09:37:59,14.14,B,600
09:37:59,14.14,B,100
09:38:00,14.14,B,500
09:38:01,14.14,B,500
09:38:01,14.14,B,5000
09:38:01,14.14,B,1400
09:38:02,14.14,B,2000
09:38:02,14.13,S,300
09:38:02,14.13,S,500
09:38:02,14.13,S,200
09:38:02,14.13,S,500
09:38:02,14.13,S,500
09:38:02,14.14,B,100
09:38:03,14.14,B,700
09:38:04,14.14,B,200
09:38:04,14.13,S,200
09:38:04,14.13,S,2000
09:38:04,14.13,S,1000
09:38:04,14.13,S,300
09:38:04,14.13,S,100
09:38:04,14.13,S,1000
09:38:04,14.13,S,3000
09:38:04,14.13,S,300
09:38:04,14.13,S,300
09:38:04,14.13,S,500
09:38:04,14.13,S,1000
09:38:04,14.13,S,200
09:38:04,14.13,S,3200
09:38:04,14.13,S,1000
09:38:04,14.13,S,200
09:38:04,14.13,S,1500
09:38:04,14.13,S,100
09:38:04,14.13,S,400
09:38:04,14.13,S,1000
09:38:04,14.13,S,500
09:38:04,14.13,S,200
09:38:04,14.13,S,200
09:38:04,14.13,B,400
09:38:05,14.13,B,2400
09:38:05,14.13,B,200
09:38:05,14.13,B,900
09:38:06,14.13,B,1700
09:38:06,14.13,B,2000
09:38:06,14.12,S,2000
09:38:06,14.12,S,3200
09:38:08,14.13,B,5000
09:38:08,14.12,S,1800
09:38:08,14.12,S,400
09:38:08,14.12,S,1200
09:38:08,14.12,S,1000
09:38:08,14.12,S,300
09:38:08,14.12,S,2000
09:38:08,14.12,S,300
09:38:08,14.12,S,3000
09:38:08,14.12,S,500
09:38:08,14.12,S,500
09:38:08,14.12,S,1700
09:38:08,14.12,S,500
09:38:08,14.12,S,600
09:38:08,14.12,S,1200
09:38:08,14.12,S,2000
09:38:08,14.12,S,800
09:38:08,14.12,S,400
09:38:08,14.12,S,500
09:38:08,14.12,S,100
09:38:08,14.12,S,1000
09:38:08,14.12,S,1000
09:38:08,14.12,S,600
09:38:08,14.12,B,500
09:38:08,14.12,B,300
09:38:09,14.12,B,300
09:38:09,14.12,B,500
09:38:10,14.11,S,1000
09:38:10,14.11,S,1100
09:38:10,14.11,S,100
09:38:10,14.11,S,1000
09:38:10,14.11,S,500
09:38:10,14.11,S,1300
09:38:10,14.11,S,500
09:38:10,14.12,B,1000
09:38:11,14.12,B,100
09:38:12,14.12,B,3000
09:38:12,14.12,B,1000
09:38:13,14.12,B,800
09:38:13,14.12,B,600
09:38:13,14.12,B,100
09:38:13,14.12,B,200
09:38:14,14.12,B,1000
09:38:14,14.12,B,500
09:38:14,14.12,B,200
09:38:16,14.12,B,200
09:38:16,14.11,S,100
09:38:17,14.12,B,1000
09:38:17,14.12,B,100
09:38:17,14.12,B,2000
09:38:18,14.11,S,200
09:38:18,14.11,S,1200
09:38:18,14.11,S,1000
09:38:18,14.11,S,3200
09:38:18,14.11,S,500
09:38:18,14.11,S,500
09:38:18,14.11,S,1000
09:38:18,14.11,S,1000
09:38:18,14.11,S,1000
09:38:18,14.11,S,500
09:38:18,14.11,S,1000
09:38:18,14.11,S,1000
09:38:18,14.11,S,1000
09:38:18,14.11,S,600
09:38:18,14.11,S,600
09:38:18,14.11,S,1200
09:38:18,14.11,S,500
09:38:18,14.11,S,800
09:38:18,14.11,S,1500
09:38:18,14.11,S,600
09:38:18,14.11,S,4000
09:38:18,14.11,S,2500
09:38:18,14.11,S,1000
09:38:18,14.11,S,1000
09:38:18,14.11,S,2700
09:38:18,14.11,S,100
09:38:18,14.12,B,500
09:38:18,14.11,S,500
09:38:18,14.12,B,1000
09:38:18,14.12,B,700
09:38:18,14.11,S,400
09:38:18,14.11,S,200
09:38:19,14.11,S,300
09:38:19,14.11,S,500
09:38:19,14.11,S,200
09:38:19,14.11,S,2000
09:38:19,14.11,S,100
09:38:19,14.11,S,700
09:38:19,14.12,B,200
09:38:19,14.11,S,300
09:38:19,14.11,S,300
09:38:19,14.11,S,1000
09:38:19,14.11,S,1000
09:38:19,14.11,S,2400
09:38:20,14.12,B,100
09:38:20,14.12,B,600
09:38:20,14.11,S,600
09:38:20,14.11,S,100
09:38:20,14.12,B,700
09:38:20,14.12,B,7000
09:38:20,14.12,B,200
09:38:21,14.11,S,100
09:38:21,14.12,B,4200
09:38:21,14.12,B,500
09:38:21,14.12,B,300
09:38:21,14.12,B,100
09:38:21,14.12,B,600
09:38:22,14.12,B,1000
09:38:22,14.11,S,1000
09:38:22,14.11,S,800
09:38:22,14.11,S,1000
09:38:22,14.11,S,100
09:38:22,14.11,S,500
09:38:22,14.1,S,1000
09:38:22,14.1,S,400
09:38:22,14.1,S,1000
09:38:22,14.1,S,3000
09:38:22,14.1,S,1000
09:38:22,14.1,S,600
09:38:22,14.1,S,1000
09:38:22,14.1,S,10000
09:38:22,14.1,S,1000
09:38:22,14.1,S,500
09:38:22,14.1,S,6100
09:38:22,14.1,S,100
09:38:22,14.1,S,100
09:38:22,14.1,S,200
09:38:22,14.1,S,10000
09:38:22,14.1,S,400
09:38:22,14.1,S,700
09:38:22,14.1,S,6200
09:38:22,14.1,S,500
09:38:22,14.1,S,1000
09:38:22,14.1,S,400
09:38:22,14.1,S,5600
09:38:22,14.1,S,1000
09:38:22,14.1,S,5000
09:38:22,14.1,S,300
09:38:22,14.1,S,2000
09:38:22,14.1,S,500
09:38:22,14.1,S,1000
09:38:22,14.1,S,600
09:38:22,14.1,S,700
09:38:22,14.1,S,1400
09:38:22,14.1,S,500
09:38:22,14.1,S,1200
09:38:22,14.1,S,100
09:38:22,14.1,S,700
09:38:22,14.1,S,100
09:38:22,14.1,S,500
09:38:22,14.1,S,500
09:38:22,14.1,S,500
09:38:22,14.1,S,200
09:38:22,14.12,B,400
09:38:22,14.12,B,600
09:38:22,14.12,B,100
09:38:22,14.12,B,100
09:38:22,14.12,B,1400
09:38:23,14.12,B,1100
09:38:23,14.11,B,1000
09:38:23,14.11,B,1000
09:38:24,14.11,B,100
09:38:24,14.11,B,300
09:38:24,14.11,B,1900
09:38:25,14.11,B,1000
09:38:25,14.11,B,5000
09:38:26,14.11,B,1000
09:38:26,14.11,B,1000
09:38:26,14.11,B,500
09:38:27,14.11,B,200
09:38:27,14.11,B,5700
09:38:27,14.11,B,1300
09:38:27,14.11,B,1100
09:38:27,14.11,B,1400
09:38:27,14.11,B,500
09:38:27,14.11,B,200
09:38:27,14.11,B,200
09:38:27,14.11,B,2600
09:38:27,14.11,B,1100
09:38:27,14.11,B,1300
09:38:27,14.12,B,300
09:38:27,14.11,S,200
09:38:28,14.12,B,1000
09:38:28,14.12,B,1100
09:38:29,14.12,B,600
09:38:29,14.12,B,300
09:38:29,14.11,S,500
09:38:29,14.11,S,100
09:38:30,14.11,S,500
09:38:30,14.12,B,1200
09:38:30,14.12,B,100
09:38:30,14.12,B,300
09:38:30,14.12,B,400
09:38:31,14.11,S,100
09:38:31,14.12,B,1000
09:38:31,14.12,B,400
09:38:31,14.12,B,500
09:38:31,14.12,B,300
09:38:31,14.13,B,2800
09:38:31,14.11,S,1400
09:38:31,14.11,S,1000
09:38:31,14.11,S,500
09:38:31,14.13,B,2000
09:38:31,14.11,S,6100
09:38:32,14.12,B,600
09:38:32,14.12,S,100
09:38:32,14.12,S,500
09:38:32,14.12,S,1000
09:38:33,14.13,B,200
09:38:33,14.12,S,500
09:38:34,14.12,S,800
09:38:34,14.12,S,200
09:38:34,14.12,S,100
09:38:34,14.11,S,28900
09:38:34,14.11,S,600
09:38:35,14.11,S,200
09:38:35,14.11,S,200
09:38:35,14.11,S,400
09:38:35,14.12,S,1000
09:38:35,14.11,S,200
09:38:35,14.13,B,4200
09:38:35,14.13,B,100
09:38:35,14.13,B,1000
09:38:35,14.13,B,8200
09:38:35,14.13,B,5000
09:38:35,14.13,B,100
09:38:35,14.13,B,300
09:38:35,14.13,B,400
09:38:35,14.13,B,3800
09:38:35,14.13,B,100
09:38:35,14.13,B,300
09:38:35,14.13,B,100
09:38:35,14.13,B,600
09:38:35,14.13,B,100
09:38:35,14.13,B,1800
09:38:35,14.13,B,500
09:38:35,14.13,B,500
09:38:35,14.13,B,100
09:38:35,14.13,B,1000
09:38:35,14.13,B,400
09:38:35,14.13,B,200
09:38:35,14.13,B,2600
09:38:35,14.13,B,400
09:38:35,14.13,B,200
09:38:35,14.13,B,3000
09:38:35,14.13,B,100
09:38:35,14.14,B,16200
09:38:35,14.14,B,100
09:38:35,14.14,B,1000
09:38:35,14.14,B,1500
09:38:35,14.14,B,1000
09:38:35,14.14,B,1300
09:38:35,14.14,B,100
09:38:35,14.14,B,2000
09:38:35,14.14,B,3000
09:38:35,14.14,B,200
09:38:35,14.14,B,3100
09:38:35,14.14,B,900
09:38:35,14.14,B,500
09:38:35,14.14,B,600
09:38:35,14.14,B,200
09:38:35,14.14,B,1000
09:38:35,14.14,B,1000
09:38:35,14.14,B,3000
09:38:35,14.14,B,500
09:38:35,14.14,B,600
09:38:35,14.14,B,300
09:38:35,14.14,B,200
09:38:35,14.14,B,4300
09:38:35,14.14,B,5000
09:38:35,14.14,B,1000
09:38:35,14.14,B,700
09:38:35,14.14,B,1700
09:38:35,14.14,B,800
09:38:35,14.14,B,500
09:38:35,14.14,B,100
09:38:35,14.14,B,300
09:38:35,14.14,B,1000
09:38:35,14.14,B,400
09:38:35,14.14,B,300
09:38:35,14.14,B,100
09:38:35,14.14,B,500
09:38:35,14.14,B,800
09:38:35,14.14,B,9100
09:38:35,14.11,S,700
09:38:35,14.12,S,10000
09:38:35,14.11,S,700
09:38:35,14.11,S,1000
09:38:35,14.11,S,500
09:38:35,14.11,S,500
09:38:35,14.11,S,1000
09:38:35,14.11,S,100
09:38:35,14.11,S,300
09:38:35,14.11,S,300
09:38:35,14.11,S,500
09:38:35,14.11,S,500
09:38:36,14.11,B,1000
09:38:36,14.1,S,200
09:38:36,14.1,S,100
09:38:36,14.11,B,900
09:38:36,14.11,B,200
09:38:36,14.11,B,100
09:38:36,14.11,B,300
09:38:36,14.11,B,3600
09:38:37,14.11,B,1000
09:38:37,14.11,B,500
09:38:37,14.11,B,1500
09:38:37,14.11,B,500
09:38:37,14.1,S,100
09:38:38,14.11,B,100
09:38:38,14.1,S,100
09:38:38,14.1,S,100
09:38:38,14.1,S,1000
09:38:38,14.1,S,3000
09:38:38,14.1,S,300
09:38:38,14.1,S,800
09:38:38,14.11,B,500
09:38:38,14.11,B,400
09:38:39,14.11,B,900
09:38:39,14.1,S,200
09:38:39,14.1,S,200
09:38:39,14.11,B,200
09:38:40,14.11,B,4700
09:38:40,14.11,B,11400
09:38:40,14.11,B,200
09:38:40,14.11,B,500
09:38:40,14.11,B,400
09:38:40,14.11,B,300
09:38:40,14.11,B,700
09:38:40,14.11,B,6500
09:38:40,14.11,B,100
09:38:40,14.11,B,100
09:38:40,14.11,B,500
09:38:40,14.1,S,800
09:38:40,14.1,S,600
09:38:40,14.1,S,100
09:38:40,14.1,S,1000
09:38:40,14.1,S,800
09:38:40,14.11,B,200
09:38:41,14.11,B,900
09:38:41,14.1,S,200
09:38:41,14.1,S,700
09:38:41,14.1,S,500
09:38:41,14.1,S,300
09:38:41,14.1,S,500
09:38:41,14.1,S,1000
09:38:41,14.1,S,100
09:38:41,14.1,S,1000
09:38:41,14.1,S,1000
09:38:41,14.1,S,600
09:38:41,14.1,S,100
09:38:41,14.1,S,2500
09:38:41,14.11,B,1000
09:38:42,14.11,B,300
09:38:42,14.11,B,300
09:38:42,14.11,B,100
09:38:42,14.11,B,200
09:38:42,14.11,B,1200
09:38:42,14.11,B,1700
09:38:42,14.11,B,300
09:38:42,14.11,B,300
09:38:42,14.11,B,500
09:38:42,14.11,B,200
09:38:42,14.12,B,100
09:38:42,14.11,S,1000
09:38:43,14.12,B,900
09:38:43,14.12,S,100
09:38:43,14.12,S,1500
09:38:43,14.11,S,1300
09:38:44,14.11,S,2000
09:38:44,14.11,S,500
09:38:44,14.11,S,100
09:38:44,14.1,S,500
09:38:44,14.11,B,1000
09:38:44,14.11,B,300
09:38:44,14.11,B,300
09:38:44,14.11,B,100
09:38:44,14.12,S,700
09:38:44,14.11,S,300
09:38:45,14.11,S,400
09:38:45,14.11,S,200
09:38:45,14.11,S,300
09:38:45,14.11,S,800
09:38:45,14.1,S,1000
09:38:45,14.1,S,600
09:38:45,14.11,B,300
09:38:46,14.1,S,1400
09:38:46,14.1,S,600
09:38:46,14.11,B,1000
09:38:46,14.1,S,7200
09:38:46,14.1,S,100
09:38:46,14.1,S,1000
09:38:46,14.1,S,800
09:38:46,14.1,S,900
09:38:46,14.11,B,300
09:38:46,14.11,B,200
09:38:46,14.11,B,200
09:38:47,14.11,S,400
09:38:47,14.11,S,400
09:38:47,14.11,S,200
09:38:47,14.1,S,100
09:38:47,14.1,S,500
09:38:47,14.1,S,500
09:38:47,14.1,S,500
09:38:47,14.1,S,13600
09:38:48,14.11,B,400
09:38:48,14.12,B,200
09:38:48,14.13,B,600
09:38:48,14.11,S,1000
09:38:48,14.11,S,700
09:38:48,14.11,S,500
09:38:49,14.11,B,800
09:38:49,14.11,S,100
09:38:49,14.11,S,100
09:38:49,14.11,S,500
09:38:49,14.1,S,400
09:38:49,14.1,S,500
09:38:49,14.1,S,200
09:38:49,14.11,S,800
09:38:49,14.12,S,100
09:38:49,14.11,S,100
09:38:50,14.11,S,100
09:38:50,14.11,S,800
09:38:50,14.11,S,600
09:38:50,14.11,S,2000
09:38:50,14.11,S,300
09:38:50,14.11,S,300
09:38:50,14.11,S,200
09:38:50,14.11,B,800
09:38:50,14.11,S,200
09:38:50,14.11,B,900
09:38:50,14.1,S,2800
09:38:51,14.1,S,1000
09:38:51,14.1,S,400
09:38:51,14.1,S,1200
09:38:51,14.1,S,100
09:38:51,14.1,S,300
09:38:51,14.1,S,300
09:38:51,14.1,S,300
09:38:51,14.1,S,2000
09:38:51,14.1,S,200
09:38:51,14.1,S,2200
09:38:51,14.11,B,1000
09:38:51,14.11,B,100
09:38:51,14.11,B,500
09:38:51,14.11,B,800
09:38:52,14.11,S,700
09:38:52,14.1,S,400
09:38:52,14.11,B,800
09:38:52,14.11,B,2500
09:38:52,14.11,B,700
09:38:52,14.11,S,1000
09:38:52,14.1,S,3000
09:38:52,14.11,B,200
09:38:53,14.1,S,1000
09:38:53,14.1,S,200
09:38:53,14.1,S,1000
09:38:53,14.1,S,2200
09:38:53,14.1,S,300
09:38:53,14.1,S,1000
09:38:53,14.1,S,100
09:38:54,14.11,B,1000
09:38:54,14.11,B,1000
09:38:54,14.11,B,700
09:38:54,14.11,B,500
09:38:54,14.1,S,400
09:38:54,14.1,S,800
09:38:54,14.1,S,1900
09:38:55,14.11,B,1000
09:38:56,14.11,B,1000
09:38:56,14.11,B,800
09:38:56,14.11,B,900
09:38:56,14.11,B,4300
09:38:56,14.11,B,2100
09:38:56,14.11,B,400
09:38:56,14.11,B,400
09:38:56,14.11,B,1000
09:38:56,14.11,B,100
09:38:56,14.11,S,600
09:38:56,14.11,S,700
09:38:57,14.11,S,2000
09:38:57,14.12,B,500
09:38:57,14.11,S,10000
09:38:57,14.11,S,800
09:38:58,14.11,S,5900
09:38:58,14.11,S,800
09:38:58,14.11,S,900
09:38:58,14.11,S,200
09:38:58,14.11,S,100
09:38:59,14.11,S,1000
09:38:59,14.11,S,200
09:39:00,14.11,S,600
09:39:00,14.11,S,500
09:39:00,14.11,S,100
09:39:00,14.11,S,500
09:39:00,14.11,S,100
09:39:01,14.12,B,600
09:39:01,14.11,S,100
09:39:02,14.11,S,1000
09:39:02,14.11,S,700
09:39:02,14.11,S,100
09:39:02,14.11,S,100
09:39:02,14.11,S,800
09:39:02,14.11,S,100
09:39:02,14.11,S,900
09:39:03,14.11,S,100
09:39:03,14.11,S,100
09:39:03,14.11,S,300
09:39:03,14.11,S,600
09:39:03,14.11,S,400
09:39:03,14.12,B,100
09:39:04,14.12,S,200
09:39:05,14.13,B,400
09:39:05,14.13,B,500
09:39:05,14.13,B,300
09:39:05,14.14,B,900
09:39:05,14.14,B,1300
09:39:05,14.14,B,700
09:39:05,14.14,B,1400
09:39:05,14.12,S,1200
09:39:05,14.11,S,1900
09:39:05,14.11,S,1000
09:39:05,14.11,S,1000
09:39:05,14.11,S,200
09:39:05,14.11,S,3000
09:39:05,14.11,S,2000
09:39:05,14.11,S,1600
09:39:05,14.11,S,400
09:39:05,14.11,S,3200
09:39:05,14.11,S,500
09:39:05,14.11,S,12000
09:39:05,14.11,S,700
09:39:06,14.14,B,100
09:39:07,14.11,S,500
09:39:07,14.11,S,100
09:39:07,14.11,S,7100
09:39:07,14.11,S,100
09:39:08,14.11,S,3000
09:39:08,14.11,S,200
09:39:08,14.11,S,400
09:39:08,14.14,B,300
09:39:08,14.12,S,300
09:39:08,14.11,S,200
09:39:08,14.11,S,600
09:39:08,14.11,S,300
09:39:08,14.11,S,1300
09:39:09,14.12,B,1700
09:39:09,14.13,S,700
09:39:11,14.13,S,500
09:39:11,14.13,S,600
09:39:11,14.13,S,1100
09:39:11,14.13,S,1000
09:39:12,14.13,S,1700
09:39:12,14.13,S,600
09:39:13,14.13,S,200
09:39:13,14.13,S,300
09:39:13,14.14,B,2000
09:39:13,14.13,S,100
09:39:14,14.13,S,11500
09:39:14,14.12,S,400
09:39:14,14.12,S,300
09:39:14,14.11,S,3500
09:39:14,14.11,S,1200
09:39:14,14.11,S,2000
09:39:14,14.11,S,1000
09:39:14,14.11,S,800
09:39:14,14.11,S,1900
09:39:14,14.11,S,600
09:39:14,14.11,S,100
09:39:14,14.11,S,1000
09:39:14,14.11,S,2000
09:39:14,14.11,S,500
09:39:14,14.11,S,100
09:39:14,14.11,S,3000
09:39:14,14.11,S,1000
09:39:14,14.11,S,200
09:39:14,14.11,S,1000
09:39:14,14.11,S,500
09:39:14,14.11,S,400
09:39:14,14.11,S,200
09:39:14,14.11,S,1000
09:39:14,14.11,S,1000
09:39:14,14.11,S,500
09:39:14,14.11,S,500
09:39:14,14.11,S,1000
09:39:14,14.11,S,3000
09:39:14,14.11,S,1500
09:39:14,14.11,S,500
09:39:14,14.11,S,3000
09:39:14,14.11,S,2000
09:39:14,14.11,S,2000
09:39:14,14.11,S,200
09:39:14,14.11,S,600
09:39:14,14.11,S,300
09:39:14,14.11,S,1000
09:39:14,14.11,S,10000
09:39:14,14.1,S,300
09:39:14,14.1,S,100
09:39:14,14.1,S,1000
09:39:14,14.1,S,300
09:39:14,14.1,S,700
09:39:14,14.1,S,1800
09:39:14,14.1,S,500
09:39:14,14.1,S,1000
09:39:14,14.1,S,5600
09:39:14,14.1,S,18000
09:39:14,14.1,S,100
09:39:14,14.1,S,1000
09:39:14,14.1,S,100
09:39:14,14.1,S,200
09:39:14,14.1,S,14400
09:39:14,14.1,S,3000
09:39:14,14.1,S,1000
09:39:14,14.1,S,2000
09:39:14,14.1,S,1800
09:39:14,14.1,S,500
09:39:14,14.1,S,500
09:39:14,14.1,S,1100
09:39:14,14.1,S,500
09:39:14,14.1,S,5000
09:39:14,14.1,S,1000
09:39:14,14.1,S,2100
09:39:14,14.1,S,500
09:39:14,14.1,S,100
09:39:14,14.1,S,500
09:39:14,14.1,S,5000
09:39:14,14.1,S,7000
09:39:14,14.1,S,300
09:39:14,14.1,S,700
09:39:14,14.1,S,7000
09:39:14,14.1,S,900
09:39:14,14.1,S,300
09:39:14,14.1,S,800
09:39:14,14.1,S,1000
09:39:14,14.1,S,500
09:39:14,14.1,S,5000
09:39:14,14.1,S,100
09:39:14,14.1,S,300
09:39:14,14.1,S,1000
09:39:14,14.1,S,1000
09:39:14,14.1,S,400
09:39:14,14.1,S,1000
09:39:14,14.1,S,5000
09:39:14,14.1,S,700
09:39:14,14.1,S,1000
09:39:14,14.1,S,100
09:39:14,14.1,S,300
09:39:14,14.1,S,300
09:39:14,14.1,S,2000
09:39:14,14.1,S,300
09:39:14,14.1,S,1000
09:39:14,14.1,S,300
09:39:14,14.1,S,200
09:39:14,14.1,S,2000
09:39:14,14.1,S,100
09:39:14,14.1,S,300
09:39:14,14.1,S,3000
09:39:14,14.1,S,200
09:39:14,14.1,S,500
09:39:14,14.1,S,500
09:39:14,14.1,S,1000
09:39:14,14.1,S,7900
09:39:14,14.1,S,1300
09:39:14,14.1,S,1000
09:39:14,14.1,S,1000
09:39:14,14.1,S,100
09:39:14,14.1,S,1300
09:39:14,14.1,S,500
09:39:14,14.1,S,1000
09:39:14,14.1,S,100
09:39:14,14.1,S,300
09:39:14,14.1,S,700
09:39:14,14.1,S,1000
09:39:14,14.1,S,4000
09:39:14,14.1,S,2000
09:39:14,14.1,S,100
09:39:14,14.1,S,700
09:39:14,14.1,S,2600
09:39:14,14.1,S,100
09:39:14,14.1,S,1000
09:39:14,14.1,S,100
09:39:14,14.1,S,100
09:39:14,14.1,S,2000
09:39:14,14.1,S,2000
09:39:14,14.1,S,100
09:39:14,14.1,S,500
09:39:14,14.1,S,300
09:39:14,14.1,S,1900
09:39:14,14.1,S,2000
09:39:14,14.1,S,700
09:39:14,14.1,S,500
09:39:14,14.1,S,200
09:39:14,14.1,S,300
09:39:14,14.1,S,1500
09:39:14,14.1,S,1200
09:39:14,14.1,S,500
09:39:14,14.1,B,100
09:39:14,14.1,B,5000
09:39:14,14.1,B,700
09:39:15,14.1,B,2000
09:39:15,14.09,S,100
09:39:15,14.09,S,400
09:39:15,14.1,B,200
09:39:15,14.1,B,400
09:39:15,14.1,B,500
09:39:15,14.1,B,500
09:39:15,14.1,B,100
09:39:16,14.1,B,700
09:39:16,14.1,B,1000
09:39:16,14.1,B,2000
09:39:16,14.1,B,300
09:39:16,14.1,B,500
09:39:16,14.1,B,5000
09:39:17,14.1,B,500
09:39:17,14.1,B,10000
09:39:17,14.1,B,1000
09:39:17,14.1,B,500
09:39:17,14.1,B,2000
09:39:18,14.1,B,4000
09:39:18,14.1,B,2000
09:39:18,14.1,B,100
09:39:18,14.1,B,400
09:39:19,14.1,B,500
09:39:19,14.1,B,500
09:39:19,14.1,B,1000
09:39:20,14.1,B,2000
09:39:20,14.1,B,500
09:39:20,14.1,B,500
09:39:20,14.1,B,500
09:39:20,14.1,B,900
09:39:21,14.1,B,500
09:39:21,14.1,B,700
09:39:21,14.1,B,400
09:39:21,14.1,B,5000
09:39:21,14.1,B,2000
09:39:21,14.1,B,200
09:39:21,14.1,B,1000
09:39:21,14.1,B,1400
09:39:21,14.1,B,3000
09:39:21,14.1,B,2000
09:39:21,14.1,B,1000
09:39:22,14.1,B,1000
09:39:22,14.1,B,1000
09:39:22,14.1,B,5000
09:39:22,14.1,B,2000
09:39:22,14.1,B,500
09:39:22,14.1,B,500
09:39:23,14.1,B,800
09:39:23,14.1,B,100
09:39:23,14.1,B,1500
09:39:23,14.1,B,500
09:39:24,14.09,S,100
09:39:24,14.09,S,1000
09:39:24,14.09,S,1000
09:39:24,14.09,S,1200
09:39:24,14.09,S,400
09:39:24,14.1,B,100
09:39:24,14.1,B,1000
09:39:24,14.1,B,1000
09:39:24,14.1,B,2000
09:39:25,14.1,B,10000
09:39:25,14.1,B,200
09:39:25,14.1,B,1000
09:39:25,14.09,S,300
09:39:25,14.1,B,300
09:39:25,14.1,B,100
09:39:26,14.1,B,500
09:39:26,14.1,B,200
09:39:26,14.1,B,3400
09:39:26,14.09,S,200
09:39:26,14.1,B,200
