Time,Price,BuySell,Volume
09:25:01,10.45,B,100
09:25:01,10.45,S,100
09:25:01,10.45,S,1500
09:25:01,10.45,S,300
09:25:01,10.45,B,600
09:25:01,10.45,B,2400
09:25:01,10.45,B,400
09:25:01,10.45,S,400
09:25:01,10.45,S,2000
09:25:01,10.45,S,300
09:25:01,10.45,S,1800
09:25:01,10.45,B,1000
09:25:01,10.45,B,900
09:25:01,10.45,B,1000
09:25:01,10.45,B,100
09:25:01,10.45,B,5000
09:25:01,10.45,B,2200
09:25:01,10.45,B,1500
09:25:01,10.45,S,3400
09:25:01,10.45,B,100
09:25:01,10.45,S,900
09:25:01,10.45,S,500
09:25:01,10.45,S,300
09:25:01,10.45,S,800
09:25:01,10.45,S,2500
09:25:01,10.45,S,3400
09:25:01,10.45,S,1000
09:25:01,10.45,B,1500
09:25:01,10.45,S,100
09:25:01,10.45,S,500
09:25:01,10.45,S,500
09:25:01,10.45,S,500
09:25:01,10.45,S,2000
09:25:01,10.45,S,300
09:25:01,10.45,S,100
09:25:01,10.45,S,300
09:25:01,10.45,S,100
09:25:01,10.45,S,900
09:25:01,10.45,S,6300
09:25:01,10.45,S,1000
09:25:01,10.45,S,200
09:25:01,10.45,S,10000
09:25:01,10.45,S,100
09:25:01,10.45,S,500
09:25:01,10.45,S,100
09:25:01,10.45,S,1100
09:25:01,10.45,S,200
09:25:01,10.45,S,500
09:25:01,10.45,S,1500
09:25:01,10.45,S,2500
09:25:01,10.45,S,200
09:25:01,10.45,S,800
09:25:01,10.45,S,800
09:25:01,10.45,S,500
09:25:01,10.45,S,2000
09:25:01,10.45,S,100
09:25:01,10.45,S,1100
09:25:01,10.45,S,5000
09:25:01,10.45,S,1500
09:25:01,10.45,S,600
09:25:01,10.45,S,300
09:25:01,10.45,S,400
09:25:01,10.45,S,1200
09:30:02,10.45,S,100
09:30:02,10.45,S,5400
09:30:02,10.45,S,100
09:30:02,10.45,S,100
09:30:02,10.45,S,1400
09:30:02,10.45,S,600
09:30:02,10.47,B,800
09:30:03,10.45,S,100
09:30:03,10.47,B,200
09:30:03,10.48,B,2800
09:30:03,10.46,S,100
09:30:03,10.45,S,2900
09:30:03,10.45,S,800
09:30:03,10.45,S,400
09:30:03,10.45,S,400
09:30:03,10.45,S,10000
09:30:03,10.45,S,1000
09:30:03,10.45,S,1000
09:30:03,10.45,S,800
09:30:03,10.45,S,800
09:30:03,10.45,S,1100
09:30:03,10.45,S,500
09:30:03,10.45,S,1300
09:30:03,10.45,S,100
09:30:03,10.45,S,9700
09:30:03,10.45,S,500
09:30:03,10.45,B,2400
09:30:04,10.45,B,3000
09:30:05,10.44,S,300
09:30:05,10.45,B,100
09:30:05,10.45,B,2000
09:30:05,10.45,B,1100
09:30:05,10.44,S,1600
09:30:06,10.44,S,700
09:30:06,10.45,B,10000
09:30:06,10.44,S,7400
09:30:06,10.44,S,300
09:30:06,10.44,S,200
09:30:06,10.43,S,500
09:30:06,10.42,S,500
09:30:06,10.41,S,800
09:30:06,10.4,S,10000
09:30:06,10.4,S,100
09:30:06,10.4,S,20000
09:30:06,10.4,S,1000
09:30:06,10.4,S,500
09:30:07,10.45,B,10400
09:30:07,10.45,B,100
09:30:08,10.45,B,400
09:30:08,10.45,B,100
09:30:09,10.45,B,1000
09:30:09,10.45,B,400
09:30:10,10.4,S,500
09:30:12,10.4,B,800
09:30:12,10.45,B,400
09:30:12,10.45,B,1500
09:30:14,10.4,B,100
09:30:22,10.4,B,400
09:30:29,10.4,B,100
09:30:30,10.4,B,400
09:30:32,10.39,S,2000
09:30:37,10.39,S,3600
09:30:37,10.4,B,600
09:30:40,10.4,S,1400
09:30:40,10.4,S,2900
09:30:41,10.4,S,3000
09:30:41,10.4,S,3100
09:30:43,10.4,S,600
09:30:44,10.4,S,500
09:30:46,10.4,S,200
09:30:51,10.4,S,500
09:30:51,10.43,B,2200
09:30:51,10.43,B,500
09:30:51,10.44,B,1700
09:30:51,10.45,B,700
09:30:51,10.45,B,500
09:30:51,10.45,B,3700
09:30:51,10.45,B,200
09:30:51,10.45,B,4400
09:30:51,10.45,B,100
09:30:51,10.45,B,100
09:30:51,10.45,B,100
09:30:51,10.45,B,100
09:30:51,10.45,B,1700
09:30:51,10.45,B,1800
09:30:51,10.45,B,6000
09:30:51,10.45,B,500
09:30:51,10.45,B,500
09:30:51,10.45,B,200
09:30:51,10.45,B,9400
09:30:51,10.4,S,4000
09:30:51,10.4,S,400
09:30:51,10.4,S,1000
09:30:51,10.4,S,300
09:30:51,10.39,S,4400
09:30:51,10.39,S,500
09:30:51,10.39,S,500
09:30:51,10.39,S,600
09:30:51,10.39,S,7000
09:30:51,10.39,S,200
09:30:51,10.38,S,500
09:30:51,10.38,S,1000
09:30:51,10.35,S,300
09:30:51,10.32,S,200
09:30:51,10.32,S,2400
09:30:51,10.31,S,300
09:30:51,10.31,S,3000
09:30:51,10.31,S,500
09:30:51,10.31,S,300
09:30:52,10.31,B,100
09:30:53,10.31,B,500
09:30:55,10.31,B,100
09:30:55,10.31,B,200
09:30:58,10.31,B,200
09:31:00,10.31,B,1000
09:31:04,10.31,B,27600
09:31:05,10.37,B,1200
09:31:05,10.37,B,100
09:31:05,10.39,B,600
09:31:05,10.39,B,1300
09:31:06,10.32,S,2900
09:31:09,10.39,B,100
09:31:09,10.39,B,300
09:31:09,10.39,B,200
09:31:09,10.4,B,1000
09:31:09,10.4,B,400
09:31:09,10.4,B,3100
09:31:09,10.4,B,1500
09:31:09,10.4,B,500
09:31:09,10.4,B,100
09:31:10,10.4,S,4800
09:31:11,10.4,B,200
09:31:11,10.4,B,500
09:31:18,10.35,S,1000
09:31:18,10.35,S,200
09:31:18,10.32,S,100
09:31:18,10.31,S,3700
09:31:20,10.32,S,200
09:31:20,10.31,S,5100
09:31:25,10.32,S,2000
09:31:26,10.35,B,2400
09:31:28,10.32,S,200
09:31:28,10.32,S,800
09:31:28,10.32,S,1200
09:31:28,10.35,B,2000
09:31:33,10.32,S,500
09:31:33,10.32,S,1500
09:31:34,10.32,S,5000
09:31:36,10.35,B,900
09:31:38,10.34,S,500
09:31:40,10.34,S,1400
09:31:40,10.34,S,1100
09:31:40,10.32,S,500
09:31:43,10.33,S,2000
09:31:44,10.33,S,100
09:31:44,10.33,S,3200
09:31:44,10.33,S,1000
09:31:45,10.35,B,2000
09:31:46,10.33,S,800
09:31:48,10.35,B,4200
09:31:49,10.33,S,2800
09:31:49,10.34,B,2100
09:31:49,10.34,B,2700
09:31:49,10.35,B,100
09:31:49,10.35,B,200
09:31:50,10.35,B,400
09:31:50,10.35,B,200
09:31:50,10.35,B,4400
09:31:51,10.33,S,400
09:31:51,10.33,S,800
09:31:52,10.34,S,200
09:31:52,10.33,S,100
09:31:52,10.33,S,200
09:31:53,10.35,B,5500
09:31:53,10.33,S,200
09:31:53,10.35,B,100
09:31:53,10.35,B,400
09:31:54,10.33,S,1800
09:31:54,10.33,S,1500
09:31:55,10.35,B,2000
09:31:56,10.35,B,4100
09:31:56,10.35,B,900
09:31:56,10.33,S,100
09:31:58,10.33,S,100
09:31:59,10.35,B,1000
09:32:00,10.33,S,1200
09:32:01,10.35,B,13600
09:32:02,10.33,S,3500
09:32:02,10.35,B,10000
09:32:02,10.35,B,22200
09:32:03,10.33,S,500
09:32:03,10.33,S,100
09:32:03,10.33,S,400
09:32:04,10.34,B,600
09:32:05,10.34,B,400
09:32:05,10.35,B,200
09:32:05,10.35,B,12100
09:32:05,10.33,S,600
09:32:05,10.33,S,500
09:32:05,10.32,S,900
09:32:06,10.33,B,600
09:32:06,10.34,S,900
09:32:06,10.34,S,400
09:32:06,10.33,S,1400
09:32:07,10.33,B,2000
09:32:08,10.33,B,100
09:32:08,10.33,B,200
09:32:08,10.33,B,700
09:32:09,10.33,B,1000
09:32:09,10.33,B,3300
09:32:09,10.33,B,2000
09:32:09,10.35,B,4700
09:32:10,10.33,B,900
09:32:10,10.34,B,1100
09:32:10,10.34,B,300
09:32:12,10.33,B,300
09:32:13,10.34,B,4900
09:32:15,10.34,B,7700
09:32:15,10.34,S,20000
09:32:15,10.34,S,200
09:32:16,10.34,S,1600
09:32:16,10.35,B,1000
09:32:18,10.34,S,1000
09:32:19,10.34,S,6000
09:32:19,10.35,B,1000
09:32:20,10.35,B,200
09:32:20,10.34,S,100
09:32:21,10.35,B,500
09:32:22,10.34,S,2600
09:32:23,10.34,S,1000
09:32:24,10.35,B,200
09:32:24,10.35,B,500
09:32:25,10.34,S,300
09:32:26,10.35,B,1000
09:32:26,10.34,S,200
09:32:27,10.34,S,3500
09:32:29,10.35,B,5900
09:32:29,10.35,B,300
09:32:29,10.35,B,500
09:32:29,10.35,B,100
09:32:29,10.35,B,300
09:32:29,10.35,B,100
09:32:29,10.35,S,2800
09:32:29,10.35,S,500
09:32:29,10.35,S,1700
09:32:29,10.35,S,2300
09:32:29,10.34,S,2700
09:32:30,10.34,S,1000
09:32:32,10.34,S,100
09:32:34,10.35,S,100
09:32:34,10.35,S,400
09:32:34,10.34,S,2900
09:32:35,10.34,S,200
09:32:35,10.34,S,400
09:32:36,10.34,S,400
09:32:36,10.34,S,3800
09:32:36,10.34,S,2000
09:32:36,10.34,S,1000
09:32:36,10.34,S,100
09:32:36,10.34,S,700
09:32:38,10.36,B,2000
09:32:50,10.36,S,1000
09:32:50,10.36,S,500
09:32:50,10.36,S,500
09:32:55,10.4,B,200
09:32:55,10.37,S,100
09:32:59,10.37,S,100
09:33:03,10.37,S,600
09:33:03,10.36,S,400
09:33:03,10.36,S,100
09:33:03,10.36,S,500
09:33:09,10.37,S,200
09:33:09,10.37,S,300
09:33:09,10.37,S,200
09:33:09,10.37,S,300
09:33:10,10.37,S,100
09:33:10,10.37,S,300
09:33:10,10.37,S,1100
09:33:10,10.37,S,1700
09:33:10,10.37,S,100
09:33:11,10.37,S,200
09:33:11,10.36,S,400
09:33:12,10.37,B,100
09:33:14,10.37,S,900
09:33:14,10.36,S,100
09:33:14,10.36,S,900
09:33:17,10.4,B,100
09:33:18,10.37,S,1600
09:33:18,10.37,S,400
09:33:20,10.37,B,1000
09:33:20,10.36,S,3000
09:33:20,10.36,S,200
09:33:21,10.36,S,100
09:33:21,10.36,S,100
09:33:21,10.36,S,400
09:33:21,10.37,B,1000
09:33:21,10.37,B,1000
09:33:24,10.37,B,200
09:33:29,10.37,B,300
09:33:29,10.37,B,200
09:33:29,10.4,B,300
09:33:30,10.37,S,100
09:33:30,10.37,S,400
09:33:32,10.4,B,300
09:33:32,10.37,S,1300
09:33:32,10.36,S,1700
09:33:34,10.4,B,1700
09:33:35,10.4,B,800
09:33:39,10.38,S,300
09:33:39,10.36,S,2900
09:33:39,10.36,S,600
09:33:39,10.37,B,600
09:33:40,10.37,S,1400
09:33:40,10.36,S,400
09:33:42,10.37,S,100
09:33:42,10.37,S,200
09:33:42,10.36,S,100
09:33:42,10.36,S,500
09:33:45,10.37,S,100
09:33:46,10.4,B,600
09:33:47,10.38,B,1100
09:33:48,10.37,S,100
09:33:50,10.38,B,100
09:33:54,10.37,S,600
09:33:55,10.37,S,300
09:33:55,10.37,S,800
09:33:58,10.37,S,100
09:33:59,10.37,S,500
09:34:03,10.37,S,400
09:34:06,10.38,B,200
09:34:06,10.38,B,600
09:34:08,10.4,B,1000
09:34:08,10.4,B,1000
09:34:08,10.4,B,100
09:34:08,10.4,B,4800
09:34:08,10.4,B,100
09:34:08,10.4,B,400
09:34:08,10.4,B,900
09:34:09,10.4,S,300
09:34:10,10.4,S,300
09:34:15,10.4,S,2000
09:34:17,10.4,S,400
09:34:17,10.4,S,500
09:34:27,10.4,S,200
09:34:27,10.4,S,2200
09:34:33,10.4,S,1000
09:34:33,10.4,S,500
09:34:35,10.4,S,1300
09:34:38,10.41,S,200
09:34:38,10.4,S,1800
09:34:39,10.42,B,1800
09:34:39,10.44,B,500
09:34:40,10.45,B,10000
09:34:44,10.44,S,3000
09:34:45,10.44,S,500
09:34:47,10.44,S,2100
09:34:50,10.44,S,1000
09:34:51,10.44,S,300
09:34:53,10.45,B,3300
09:34:55,10.45,S,4900
09:34:56,10.46,B,2800
09:34:56,10.46,S,2000
09:34:58,10.46,S,2600
09:34:58,10.45,S,7900
09:34:59,10.45,S,2000
09:35:02,10.45,S,1800
09:35:06,10.45,S,100
09:35:06,10.44,S,800
09:35:06,10.44,S,200
09:35:06,10.44,S,1000
09:35:06,10.44,S,1900
09:35:06,10.44,S,200
09:35:15,10.47,B,1100
09:35:15,10.47,B,300
09:35:16,10.46,S,2000
09:35:16,10.45,S,200
09:35:18,10.47,B,100
09:35:18,10.47,B,1900
09:35:18,10.45,S,200
09:35:18,10.45,S,200
09:35:18,10.45,S,1000
09:35:19,10.47,B,5000
09:35:20,10.47,B,1900
09:35:20,10.48,B,47200
09:35:23,10.46,B,1000
09:35:24,10.46,B,300
09:35:24,10.46,B,500
09:35:24,10.46,B,600
09:35:26,10.47,S,1000
09:35:27,10.47,S,2000
09:35:33,10.47,S,300
09:35:34,10.47,S,1000
09:35:35,10.47,S,4600
09:35:35,10.47,S,800
09:35:35,10.47,S,1300
09:35:35,10.47,S,3300
09:35:38,10.47,S,1400
09:35:39,10.47,S,300
09:35:39,10.47,S,400
09:35:39,10.47,S,200
09:35:40,10.47,B,1700
09:35:41,10.47,B,500
09:35:41,10.47,B,2600
09:35:44,10.47,B,4500
09:35:44,10.49,B,1000
09:35:44,10.49,B,2000
09:35:44,10.49,B,1000
09:35:44,10.5,B,1100
09:35:44,10.5,B,400
09:35:49,10.47,S,2000
09:35:49,10.47,S,400
09:35:49,10.48,S,1200
09:35:49,10.47,S,600
09:35:49,10.47,B,500
09:35:51,10.47,B,1000
09:35:53,10.47,B,1700
09:35:53,10.49,B,3000
09:35:53,10.5,B,100
09:35:53,10.5,B,800
09:35:53,10.5,B,400
09:35:53,10.5,B,600
09:35:53,10.5,B,100
09:36:00,10.5,S,5000
09:36:00,10.5,S,500
09:36:00,10.47,S,3300
09:36:00,10.47,S,2000
09:36:00,10.47,S,300
09:36:00,10.47,B,1000
09:36:00,10.47,B,100
09:36:03,10.51,S,1000
09:36:08,10.52,B,100
09:36:12,10.51,S,300
09:36:13,10.52,B,200
09:36:18,10.52,B,500
09:36:22,10.52,B,200
09:36:22,10.52,B,9800
09:36:22,10.52,B,600
09:36:22,10.52,B,400
09:36:23,10.52,B,1000
09:36:24,10.52,B,300
09:36:25,10.52,B,200
09:36:26,10.52,B,500
09:36:28,10.52,B,1600
09:36:28,10.51,S,5500
09:36:28,10.51,S,1000
09:36:30,10.51,B,2000
09:36:30,10.52,B,3000
09:36:33,10.51,B,600
09:36:34,10.5,S,3100
09:36:38,10.51,B,700
09:36:38,10.5,S,1300
09:36:39,10.51,B,200
09:36:39,10.51,B,100
09:36:40,10.51,B,1000
09:36:40,10.51,B,3300
09:36:40,10.52,B,600
09:36:43,10.51,S,1000
09:36:43,10.5,S,700
09:36:43,10.5,S,200
09:36:43,10.5,S,500
09:36:43,10.5,S,600
09:36:43,10.5,S,3000
09:36:43,10.52,B,1400
09:36:43,10.52,B,200
09:36:44,10.52,B,200
09:36:44,10.51,S,700
09:36:44,10.52,B,3600
09:36:44,10.52,B,200
09:36:45,10.52,S,200
09:36:49,10.53,B,800
09:36:49,10.52,S,1000
09:36:50,10.52,S,6300
09:36:50,10.52,S,1000
09:36:50,10.52,S,500
09:36:50,10.52,S,2000
09:36:50,10.52,S,200
09:36:50,10.51,S,800
09:36:50,10.51,S,100
09:36:50,10.51,B,4800
09:36:50,10.52,S,2000
09:36:52,10.53,B,1200
09:36:52,10.53,B,400
09:36:52,10.53,B,300
09:36:52,10.52,S,1000
09:36:54,10.52,S,1000
09:36:55,10.52,S,1200
09:36:55,10.52,S,7700
09:37:02,10.52,B,100
09:37:06,10.52,B,5000
09:37:07,10.51,S,400
09:37:12,10.52,B,400
09:37:13,10.52,B,1000
09:37:14,10.51,S,100
09:37:14,10.51,S,200
09:37:14,10.51,S,1000
09:37:14,10.51,S,27900
09:37:14,10.52,B,500
09:37:16,10.51,S,3800
09:37:18,10.52,B,29700
09:37:19,10.51,S,5000
09:37:20,10.51,S,500
09:37:23,10.52,B,4400
09:37:23,10.52,B,200
09:37:23,10.52,B,3000
09:37:23,10.52,B,1000
09:37:23,10.52,B,5000
09:37:23,10.52,B,600
09:37:23,10.52,B,2000
09:37:23,10.52,B,1800
09:37:23,10.52,B,100
09:37:23,10.52,B,3200
09:37:23,10.52,B,600
09:37:25,10.53,B,700
09:37:25,10.53,B,4300
09:37:25,10.52,S,300
09:37:25,10.52,S,500
09:37:26,10.52,S,4500
09:37:26,10.52,S,200
09:37:28,10.52,S,600
09:37:29,10.52,S,5800
09:37:31,10.52,S,800
09:37:31,10.52,S,5400
09:37:31,10.52,S,800
09:37:31,10.52,S,2400
09:37:31,10.52,S,1400
09:37:31,10.51,S,2800
09:37:31,10.51,S,4000
09:37:31,10.51,S,16000
09:37:34,10.52,S,300
09:37:36,10.52,S,200
09:37:36,10.52,S,400
09:37:36,10.52,S,200
09:37:36,10.51,S,1700
09:37:37,10.52,S,500
09:37:38,10.52,S,500
09:37:38,10.52,S,1400
09:37:39,10.52,S,600
09:37:42,10.53,B,1400
09:37:44,10.52,S,500
09:37:45,10.52,S,100
09:37:45,10.52,S,100
09:37:45,10.52,S,100
09:37:48,10.52,S,200
09:37:48,10.52,S,500
09:37:48,10.52,S,10000
09:37:52,10.52,S,100
09:37:52,10.52,S,3000
09:37:53,10.52,S,7300
09:37:55,10.52,S,1000
09:37:57,10.52,S,500
09:37:58,10.53,B,100
09:38:00,10.53,B,5000
09:38:01,10.53,B,4000
09:38:02,10.53,B,1000
09:38:03,10.52,S,1000
09:38:04,10.52,S,400
09:38:05,10.53,B,700
09:38:05,10.52,S,1100
09:38:07,10.52,S,1000
09:38:08,10.53,B,300
09:38:08,10.52,S,500
09:38:08,10.53,B,9200
09:38:08,10.53,B,2000
09:38:08,10.53,B,1500
09:38:08,10.53,B,400
09:38:08,10.53,B,7500
09:38:09,10.53,S,2000
09:38:11,10.53,S,1600
09:38:14,10.53,S,100
09:38:16,10.53,S,1300
09:38:17,10.53,S,4400
09:38:17,10.53,S,10000
09:38:17,10.53,S,4600
09:38:21,10.53,S,1000
09:38:24,10.53,S,1400
09:38:25,10.53,S,3000
09:38:25,10.53,S,1500
09:38:27,10.53,S,300
09:38:27,10.54,B,1000
09:38:28,10.53,S,1000
09:38:29,10.54,B,700
09:38:34,10.53,S,100
09:38:35,10.54,B,2300
09:38:35,10.54,B,1000
09:38:35,10.54,B,4700
09:38:35,10.53,S,2500
09:38:38,10.53,S,200
09:38:41,10.53,S,4400
09:38:41,10.53,S,100
09:38:41,10.53,S,500
09:38:43,10.54,B,300
09:38:43,10.54,B,1700
09:38:45,10.54,B,600
09:38:47,10.53,S,1000
09:38:49,10.53,B,1000
09:38:55,10.53,B,500
09:38:57,10.53,B,600
09:38:58,10.53,S,4400
09:38:58,10.52,S,500
09:38:59,10.54,B,1000
09:39:03,10.53,B,5000
09:39:03,10.53,B,4800
09:39:07,10.53,B,200
09:39:11,10.53,B,2000
09:39:12,10.53,B,2000
09:39:13,10.53,B,1000
09:39:13,10.53,B,2000
09:39:13,10.53,B,1000
09:39:16,10.53,B,1000
09:39:22,10.52,S,5000
09:39:23,10.52,S,200
09:39:24,10.52,S,4900
09:39:24,10.52,S,200
09:39:24,10.52,S,4900
09:39:26,10.53,B,500
09:39:26,10.53,B,100
09:39:26,10.52,S,700
09:39:27,10.52,S,5300
09:39:31,10.53,B,100
09:39:31,10.53,B,500
09:39:31,10.52,S,900
09:39:32,10.52,S,100
09:39:33,10.52,S,1000
09:39:33,10.52,S,2100
09:39:33,10.52,S,1000
09:39:33,10.52,S,300
09:39:33,10.52,S,600
09:39:33,10.52,S,1000
09:39:35,10.53,B,100
09:39:36,10.52,S,1000
09:39:36,10.53,B,2000
09:39:37,10.52,S,1000
09:39:37,10.52,S,2000
09:39:37,10.52,S,1000
09:39:38,10.52,S,200
09:39:38,10.52,S,400
09:39:38,10.53,B,3400
09:39:38,10.53,B,9700
09:39:38,10.53,B,1000
09:39:38,10.53,B,5300
09:39:38,10.53,B,300
09:39:38,10.53,B,400
09:39:39,10.52,S,300
09:39:39,10.52,S,800
09:39:39,10.52,S,200
09:39:39,10.52,S,1000
09:39:40,10.52,S,1000
09:39:40,10.52,S,3000
09:39:40,10.52,S,500
09:39:40,10.51,S,1500
09:39:42,10.52,B,1000
09:39:43,10.51,S,1000
09:39:47,10.52,B,5000
09:39:52,10.51,S,800
09:39:54,10.52,B,1000
09:39:55,10.52,B,400
09:39:56,10.52,B,500
09:39:56,10.51,S,3000
09:39:57,10.51,S,2000
09:39:58,10.52,B,500
09:39:58,10.52,B,1500
09:39:59,10.51,S,200
09:39:59,10.51,S,500
09:39:59,10.51,S,31000
09:39:59,10.51,S,1000
09:39:59,10.51,S,8400
09:40:01,10.51,S,1200
09:40:01,10.51,S,2000
09:40:01,10.5,S,400
09:40:01,10.5,S,200
09:40:01,10.5,S,1200
09:40:04,10.5,S,2000
09:40:06,10.5,S,3000
09:40:11,10.5,S,2500
09:40:12,10.5,S,1000
09:40:12,10.51,B,1000
09:40:15,10.5,S,500
09:40:15,10.51,B,100
09:40:15,10.51,B,900
09:40:18,10.5,S,1000
09:40:18,10.5,S,2100
09:40:19,10.5,S,10000
09:40:20,10.5,S,100
09:40:21,10.5,S,700
09:40:22,10.5,S,2200
09:40:22,10.5,S,800
09:40:23,10.5,S,4700
09:40:23,10.5,S,500
09:40:23,10.5,S,7700
09:40:23,10.5,S,200
09:40:23,10.5,S,1100
09:40:23,10.5,S,200
09:40:23,10.5,S,200
09:40:24,10.5,B,200
09:40:26,10.49,B,400
09:40:37,10.48,S,300
09:40:37,10.49,B,1500
09:40:37,10.48,S,200
09:40:38,10.48,S,500
09:40:38,10.48,S,500
09:40:38,10.48,S,100
09:40:38,10.48,S,1100
09:40:38,10.47,S,2100
09:40:38,10.47,S,900
09:40:38,10.47,S,1000
09:40:38,10.46,S,200
09:40:38,10.46,S,1100
09:40:38,10.45,S,2000
09:40:38,10.45,S,500
09:40:45,10.48,B,100
09:40:55,10.47,S,200
09:40:55,10.47,S,2000
09:40:55,10.45,S,300
09:41:02,10.45,S,300
09:41:03,10.45,S,100
09:41:04,10.47,B,900
09:41:04,10.47,B,1000
09:41:06,10.45,S,1500
09:41:09,10.45,S,800
09:41:09,10.45,S,500
09:41:09,10.45,S,1000
09:41:09,10.45,S,300
09:41:09,10.45,S,700
09:41:09,10.45,S,3000
09:41:09,10.45,S,200
09:41:09,10.45,S,500
09:41:09,10.45,S,300
09:41:10,10.45,S,200
09:41:14,10.45,S,500
09:41:21,10.45,B,500
09:41:23,10.45,B,200
09:41:25,10.45,B,700
09:41:25,10.45,B,1200
09:41:26,10.45,B,100
09:41:28,10.45,B,200
09:41:29,10.45,B,800
09:41:32,10.44,S,300
09:41:32,10.44,S,200
09:41:37,10.45,B,300
09:41:39,10.45,B,100
09:41:41,10.45,B,2000
09:41:43,10.45,B,500
09:41:43,10.45,B,200
09:41:44,10.44,S,400
09:41:44,10.44,S,500
09:41:44,10.44,S,300
09:41:44,10.44,S,400
09:41:44,10.44,S,1300
09:41:44,10.44,S,1000
09:41:45,10.45,B,22700
09:41:45,10.45,B,2000
09:41:45,10.45,B,4300
09:41:45,10.45,B,800
09:41:45,10.45,B,200
09:41:46,10.44,S,200
09:41:46,10.44,S,3900
09:41:46,10.44,S,200
09:41:46,10.44,S,500
09:41:50,10.44,B,100
09:41:54,10.44,B,100
09:41:54,10.44,B,200
09:41:57,10.44,B,1000
09:41:57,10.44,B,1500
09:41:57,10.44,B,1000
09:41:57,10.45,B,300
09:41:57,10.45,B,500
09:41:57,10.45,B,3300
09:41:57,10.45,B,300
09:41:57,10.45,B,2100
09:42:01,10.43,S,100
09:42:01,10.43,S,100
09:42:05,10.43,S,900
09:42:05,10.43,S,4100
09:42:06,10.44,B,200
09:42:12,10.44,B,100
09:42:13,10.44,B,1400
09:42:14,10.44,B,1700
09:42:15,10.43,S,1000
09:42:19,10.44,B,300
09:42:19,10.44,B,700
09:42:19,10.44,B,300
09:42:20,10.44,B,100
09:42:23,10.44,B,400
09:42:23,10.44,B,200
09:42:23,10.44,B,1300
09:42:25,10.43,S,100
09:42:26,10.44,B,200
09:42:27,10.43,S,200
09:42:28,10.43,S,4600
09:42:28,10.43,S,400
09:42:28,10.43,S,2000
09:42:28,10.43,S,2000
09:42:30,10.43,B,100
09:42:35,10.43,B,200
09:42:36,10.43,B,500
09:42:37,10.42,S,1200
09:42:37,10.41,S,900
09:42:37,10.41,S,2000
09:42:37,10.41,S,1000
09:42:37,10.41,S,500
09:42:37,10.41,S,400
09:42:48,10.43,B,4000
09:42:54,10.42,B,200
09:42:54,10.42,B,100
09:42:54,10.43,B,700
09:42:56,10.42,B,200
09:42:56,10.43,B,300
09:42:57,10.43,B,1000
09:43:01,10.41,S,1600
09:43:01,10.41,S,2500
09:43:01,10.41,S,500
09:43:02,10.41,B,800
09:43:02,10.41,B,600
09:43:07,10.41,S,3000
09:43:08,10.41,S,1000
09:43:10,10.42,B,700
09:43:13,10.42,B,400
09:43:13,10.42,B,2600
09:43:16,10.41,S,4600
09:43:16,10.41,S,100
09:43:16,10.41,S,5000
09:43:16,10.41,S,500
09:43:16,10.41,S,2000
09:43:17,10.41,B,200
09:43:21,10.41,B,10000
09:43:21,10.4,S,500
09:43:21,10.41,B,300
09:43:22,10.41,B,300
09:43:22,10.4,S,700
09:43:23,10.41,B,600
09:43:24,10.4,S,300
09:43:24,10.41,B,500
09:43:24,10.41,B,1000
09:43:25,10.41,B,1000
09:43:26,10.41,B,2000
09:43:27,10.41,B,400
09:43:28,10.41,B,2300
09:43:32,10.41,B,1000
09:43:33,10.41,B,200
09:43:38,10.41,B,100
09:43:42,10.4,S,100
09:43:43,10.41,B,2000
09:43:44,10.41,B,5300
09:43:49,10.41,B,10600
09:43:49,10.41,B,1000
09:43:50,10.41,S,2500
09:43:52,10.42,B,1000
09:43:58,10.41,S,400
09:44:04,10.41,S,8000
09:44:05,10.41,S,900
09:44:05,10.42,B,500
09:44:06,10.42,B,500
09:44:09,10.41,S,2100
09:44:10,10.41,S,500
09:44:10,10.41,S,1000
09:44:12,10.42,B,500
09:44:12,10.42,B,200
09:44:13,10.42,B,2800
09:44:16,10.41,S,1000
09:44:17,10.42,B,1600
09:44:18,10.42,B,1000
09:44:18,10.42,B,400
09:44:18,10.42,B,600
09:44:20,10.41,S,3200
09:44:21,10.42,B,100
09:44:21,10.42,B,1000
09:44:22,10.41,S,2000
09:44:23,10.42,B,200
09:44:24,10.41,S,1400
09:44:25,10.42,B,500
09:44:26,10.42,B,1100
09:44:26,10.42,B,600
09:44:26,10.41,S,300
09:44:26,10.41,S,300
09:44:26,10.42,B,800
09:44:29,10.42,B,4700
09:44:29,10.42,B,1000
09:44:29,10.42,B,300
09:44:29,10.42,B,19000
09:44:29,10.42,B,500
09:44:29,10.43,B,14500
09:44:30,10.41,S,500
09:44:30,10.41,S,200
09:44:31,10.41,S,500
09:44:31,10.42,S,1000
09:44:31,10.41,S,300
09:44:34,10.41,S,10600
09:44:34,10.41,S,4000
09:44:34,10.41,S,1000
09:44:34,10.41,S,1000
09:44:34,10.41,S,1000
09:44:34,10.41,S,700
09:44:34,10.41,S,1000
09:44:34,10.41,S,1000
09:44:34,10.41,S,2000
09:44:34,10.41,S,400
09:44:34,10.41,S,400
09:44:34,10.41,S,1000
09:44:34,10.41,S,500
09:44:34,10.41,S,500
09:44:34,10.41,S,400
09:44:34,10.41,S,200
09:44:34,10.41,S,500
09:44:34,10.41,S,5000
09:44:34,10.41,S,6700
09:44:34,10.43,B,3700
09:44:36,10.43,B,300
09:44:50,10.42,S,2000
09:44:50,10.42,S,500
09:44:50,10.42,S,400
09:44:50,10.42,S,1200
09:44:50,10.41,S,3300
09:44:50,10.41,S,600
09:44:50,10.41,S,1100
09:44:50,10.41,S,2000
09:44:50,10.41,S,500
09:44:50,10.41,S,200
09:44:50,10.41,S,500
09:44:50,10.41,S,1100
09:44:50,10.41,S,900
09:44:50,10.41,S,2000
09:44:50,10.41,B,2700
09:44:50,10.43,B,10700
09:44:50,10.43,B,1500
09:44:50,10.43,B,500
09:44:52,10.43,S,100
09:44:54,10.44,B,200
09:44:54,10.44,B,800
09:44:56,10.43,S,1000
09:44:57,10.43,S,900
09:44:58,10.44,B,400
09:45:01,10.43,S,12600
09:45:01,10.43,S,2400
09:45:01,10.43,S,4600
09:45:01,10.42,S,600
09:45:01,10.42,S,600
09:45:01,10.42,S,20000
09:45:01,10.41,S,1000
09:45:01,10.4,S,8400
09:45:01,10.4,S,5000
09:45:01,10.4,S,1000
09:45:01,10.4,S,200
09:45:01,10.4,S,500
09:45:01,10.4,S,1000
09:45:01,10.4,S,1000
09:45:01,10.4,S,800
09:45:01,10.4,S,800
09:45:01,10.4,S,100
09:45:01,10.4,S,5000
09:45:01,10.4,S,1000
09:45:01,10.4,S,100
09:45:01,10.4,S,10000
09:45:01,10.4,S,4900
09:45:01,10.4,S,1000
09:45:01,10.4,S,10000
09:45:01,10.4,S,5000
09:45:01,10.4,S,100
09:45:01,10.4,S,100
09:45:01,10.4,S,10000
09:45:01,10.4,S,500
09:45:01,10.4,S,700
09:45:01,10.4,S,3000
09:45:01,10.4,S,1300
09:45:01,10.4,S,1000
09:45:01,10.4,S,1000
09:45:01,10.4,S,100
09:45:01,10.4,S,1000
09:45:01,10.4,S,1000
09:45:02,10.39,S,100
09:45:02,10.39,S,1000
09:45:02,10.4,B,5000
09:45:02,10.4,B,500
09:45:03,10.4,B,200
09:45:04,10.4,B,1000
09:45:05,10.4,B,1000
09:45:05,10.4,B,1000
09:45:05,10.4,B,800
09:45:09,10.4,B,500
09:45:10,10.4,B,1000
09:45:11,10.4,B,200
09:45:21,10.4,B,200
09:45:23,10.4,B,166600
09:45:23,10.4,B,1000
09:45:27,10.42,B,1300
09:45:27,10.41,S,300
09:45:27,10.4,S,800
09:45:29,10.4,S,3400
09:45:30,10.4,S,500
09:45:38,10.42,B,500
09:45:39,10.41,S,600
09:45:43,10.41,S,800
09:45:44,10.42,B,100
09:45:44,10.42,B,200
09:45:44,10.42,B,2000
09:45:44,10.42,B,1300
09:45:44,10.41,S,1100
09:45:44,10.4,S,1900
09:45:46,10.4,S,300
09:45:46,10.4,S,200
09:45:47,10.42,B,400
09:45:47,10.42,B,600
09:45:50,10.41,S,900
09:45:55,10.41,B,10500
09:45:55,10.41,B,100
09:45:55,10.42,B,400
09:45:55,10.43,B,9000
09:45:58,10.4,S,800
09:45:59,10.41,B,900
09:45:59,10.41,S,1000
09:46:01,10.42,B,100
09:46:02,10.41,S,600
09:46:05,10.42,B,200
09:46:11,10.42,S,800
09:46:12,10.42,S,4100
09:46:12,10.42,S,100
09:46:12,10.41,S,400
09:46:12,10.41,S,400
09:46:12,10.41,S,200
09:46:12,10.4,S,24500
09:46:12,10.4,S,900
09:46:12,10.4,S,1000
09:46:12,10.4,S,2800
09:46:12,10.4,S,600
09:46:14,10.41,B,900
09:46:22,10.4,S,1000
09:46:22,10.4,S,100
09:46:22,10.4,S,1800
09:46:22,10.4,S,600
09:46:22,10.4,S,100
09:46:23,10.41,B,2000
09:46:23,10.41,B,1000
09:46:26,10.4,S,200
09:46:27,10.41,B,600
09:46:27,10.41,B,500
09:46:27,10.42,B,400
09:46:34,10.41,S,1000
09:46:34,10.41,S,200
09:46:34,10.41,S,100
09:46:36,10.41,S,300
09:46:37,10.41,S,200
09:46:38,10.41,B,600
09:46:39,10.41,S,2400
09:46:39,10.4,S,900
09:46:39,10.4,S,400
09:46:39,10.4,S,500
09:46:39,10.4,S,200
09:46:39,10.4,S,1400
09:46:40,10.4,S,200
09:46:40,10.4,S,400
09:46:40,10.41,B,4400
09:46:41,10.4,S,600
09:46:41,10.4,S,100
09:46:41,10.4,S,100
09:46:41,10.4,S,500
09:46:41,10.4,S,1000
09:46:43,10.41,B,300
09:46:43,10.41,B,1000
09:46:44,10.41,B,1800
09:46:45,10.41,B,200
09:46:46,10.41,S,1000
09:46:47,10.41,S,800
09:46:47,10.4,S,200
09:46:51,10.42,B,100
09:46:51,10.42,B,400
09:46:51,10.42,B,100
09:46:55,10.42,S,500
09:46:55,10.41,S,1000
09:46:55,10.41,S,8500
09:46:56,10.41,S,1000
09:46:57,10.41,S,1500
09:47:02,10.41,S,200
09:47:02,10.41,S,1000
09:47:03,10.41,S,4000
09:47:04,10.41,S,100
09:47:06,10.42,B,1500
09:47:08,10.41,S,3600
09:47:08,10.41,S,2100
09:47:10,10.41,S,5100
09:47:13,10.41,S,400
09:47:14,10.42,B,5000
09:47:14,10.42,B,100
09:47:14,10.43,B,11400
09:47:14,10.43,B,1000
09:47:14,10.43,B,1000
09:47:14,10.43,B,100
09:47:14,10.43,B,1000
09:47:14,10.43,B,300
09:47:14,10.43,B,100
09:47:14,10.41,S,2000
09:47:14,10.42,B,1000
09:47:16,10.41,S,7300
09:47:16,10.41,S,1400
09:47:16,10.41,S,1000
09:47:16,10.41,S,3300
09:47:18,10.41,S,9000
09:47:20,10.43,B,100
09:47:23,10.41,S,600
09:47:25,10.43,B,200
09:47:28,10.42,S,100
09:47:29,10.42,S,400
09:47:29,10.42,S,400
09:47:37,10.43,B,300
09:47:44,10.42,S,100
09:47:45,10.42,S,400
09:47:46,10.43,B,800
09:47:48,10.43,B,700
09:47:48,10.43,B,600
09:47:48,10.43,B,100
09:47:49,10.42,S,100
09:47:49,10.42,S,400
09:47:50,10.43,B,400
09:47:50,10.43,B,200
09:47:50,10.43,S,600
09:48:00,10.44,B,4400
09:48:00,10.44,B,100
09:48:00,10.44,B,400
09:48:00,10.44,B,1000
09:48:19,10.43,S,900
09:48:23,10.44,B,500
09:48:24,10.44,B,600
09:48:24,10.44,B,400
09:48:31,10.44,S,300
09:48:31,10.44,S,700
09:48:31,10.44,S,100
09:48:37,10.44,S,2000
09:48:41,10.44,S,200
09:48:41,10.44,S,3800
09:48:44,10.44,S,800
09:48:45,10.45,B,300
09:48:46,10.44,S,1300
09:48:47,10.44,S,1000
09:48:50,10.44,S,3000
09:48:54,10.45,B,1700
09:48:54,10.45,B,1400
09:48:56,10.44,S,100
09:48:56,10.44,S,3400
09:48:56,10.44,S,100
09:48:56,10.44,S,800
09:48:56,10.43,S,1100
09:48:56,10.43,S,200
09:48:56,10.43,S,500
09:48:56,10.43,S,8801
09:48:57,10.45,B,300
09:48:57,10.45,B,500
09:48:57,10.45,B,400
09:48:57,10.45,B,200
09:48:57,10.45,B,600
09:48:59,10.45,B,1500
09:49:05,10.45,B,200
09:49:07,10.44,S,100
09:49:07,10.44,S,100
09:49:08,10.44,S,100
09:49:10,10.45,B,200
09:49:11,10.44,S,800
09:49:13,10.44,B,1000
09:49:20,10.44,B,200
09:49:20,10.45,B,1800
09:49:23,10.43,S,1199
09:49:23,10.43,S,100
09:49:23,10.43,S,201
09:49:23,10.43,S,500
09:49:25,10.44,B,500
09:49:28,10.43,S,299
09:49:28,10.43,S,101
09:49:34,10.43,S,900
09:49:38,10.43,S,700
09:49:40,10.43,S,299
09:49:40,10.43,S,1000
09:49:40,10.43,S,300
09:49:40,10.43,S,200
09:49:40,10.43,S,200
09:49:40,10.43,S,200
09:49:40,10.43,S,200
09:49:40,10.43,S,1601
09:49:42,10.44,B,200
09:49:47,10.43,S,1000
09:49:48,10.44,B,1300
09:49:48,10.44,B,2500
09:49:48,10.44,B,2300
09:49:50,10.44,S,500
09:49:51,10.44,S,400
09:49:52,10.44,S,1000
09:49:53,10.45,B,200
09:49:53,10.45,B,200
09:49:55,10.44,S,100
09:49:55,10.44,S,3100
09:49:55,10.44,S,1000
09:49:58,10.43,S,200
09:49:59,10.43,S,1799
09:49:59,10.43,S,1601
09:50:11,10.43,S,999
09:50:11,10.43,S,1000
09:50:11,10.43,S,2000
09:50:11,10.43,S,2000
09:50:11,10.43,S,700
09:50:11,10.43,B,1000
09:50:19,10.43,B,400
09:50:20,10.43,B,1000
09:50:20,10.43,B,100
09:50:21,10.43,B,100
09:50:23,10.42,S,100
09:50:29,10.42,S,500
09:50:29,10.42,S,1100
09:50:29,10.42,S,1100
09:50:29,10.42,S,900
09:50:29,10.42,S,4000
09:50:30,10.43,B,200
09:50:32,10.43,B,501
09:50:32,10.43,B,399
09:50:32,10.43,B,2001
09:50:32,10.43,B,399
09:50:35,10.43,B,301
09:50:35,10.43,B,199
09:50:35,10.42,S,100
09:50:47,10.43,B,801
09:50:47,10.43,B,99
09:50:47,10.43,B,701
09:50:47,10.43,B,99
09:50:50,10.42,S,2200
09:50:50,10.42,S,500
09:50:50,10.42,S,12000
09:50:52,10.43,B,1100
09:50:53,10.43,B,3500
09:50:55,10.42,S,600
09:50:58,10.43,B,1000
09:51:00,10.42,S,500
09:51:00,10.43,B,1000
09:51:01,10.43,B,1000
09:51:01,10.43,B,500
09:51:13,10.43,B,100
09:51:15,10.43,B,1001
09:51:16,10.43,S,500
09:51:17,10.43,S,199
09:51:17,10.43,S,500
09:51:33,10.43,B,300
09:51:36,10.43,B,600
09:51:36,10.43,B,501
09:51:36,10.43,B,499
09:51:40,10.42,S,100
09:51:43,10.42,S,100
09:51:43,10.43,B,100
09:51:46,10.43,B,1500
09:51:49,10.42,S,100
09:51:49,10.42,S,100
09:51:50,10.42,S,200
09:51:50,10.42,S,800
09:51:52,10.43,B,2901
09:51:52,10.43,B,100
09:51:52,10.43,B,1000
09:51:52,10.43,B,5200
09:51:52,10.43,S,400
09:51:56,10.43,S,1000
09:51:59,10.43,S,800
09:52:01,10.43,S,300
09:52:02,10.43,S,700
09:52:13,10.43,S,1500
09:52:13,10.43,S,6800
09:52:19,10.43,S,1200
09:52:21,10.43,S,2500
09:52:22,10.43,S,4699
09:52:22,10.43,S,1000
09:52:22,10.43,S,200
09:52:22,10.43,S,1000
09:52:22,10.43,S,100
09:52:22,10.43,S,500
09:52:22,10.43,S,200
09:52:22,10.43,S,100
09:52:22,10.43,S,100
09:52:27,10.43,B,500
09:52:34,10.43,B,400
09:52:35,10.42,S,200
09:52:35,10.42,S,300
09:52:37,10.43,B,200
09:52:37,10.42,S,4700
09:52:37,10.42,S,5300
09:52:47,10.43,B,2000
09:52:59,10.43,B,800
09:53:01,10.42,S,2000
09:53:03,10.42,S,100
09:53:04,10.42,S,800
09:53:04,10.43,B,1000
09:53:05,10.42,S,3000
09:53:06,10.42,S,100
09:53:06,10.43,B,400
09:53:09,10.42,S,6000
09:53:10,10.42,S,200
09:53:11,10.42,S,2500
09:53:11,10.42,S,200
09:53:11,10.42,S,1100
09:53:11,10.42,S,500
09:53:11,10.42,S,9000
09:53:12,10.43,B,1000
09:53:14,10.42,S,500
09:53:14,10.42,S,500
09:53:14,10.42,S,500
09:53:14,10.42,S,200
09:53:14,10.42,S,2800
09:53:15,10.42,B,300
09:53:15,10.43,B,700
09:53:17,10.42,B,1000
09:53:17,10.42,B,900
09:53:18,10.42,B,300
09:53:18,10.42,B,1200
09:53:20,10.42,S,1500
09:53:21,10.42,S,500
09:53:26,10.42,S,700
09:53:33,10.42,S,300
09:53:34,10.42,S,400
09:53:34,10.42,S,700
09:53:36,10.42,S,2000
09:53:36,10.42,S,1000
09:53:37,10.42,S,100
09:53:38,10.42,S,200
09:53:39,10.43,B,500
09:53:39,10.42,S,5000
09:53:42,10.43,B,6401
09:53:42,10.43,B,2599
09:53:43,10.42,S,25300
09:53:45,10.42,S,300
09:53:55,10.42,S,500
09:53:57,10.43,B,800
09:54:00,10.42,S,1000
09:54:00,10.43,B,800
09:54:00,10.42,S,400
09:54:00,10.42,S,600
09:54:01,10.43,B,5000
09:54:01,10.42,S,300
09:54:03,10.42,S,100
09:54:04,10.43,B,500
09:54:06,10.42,S,4000
09:54:06,10.42,S,1000
09:54:06,10.42,S,900
09:54:06,10.42,S,100
09:54:06,10.42,S,500
09:54:06,10.42,S,900
09:54:12,10.43,B,301
09:54:12,10.43,B,199
09:54:13,10.43,B,200
09:54:13,10.42,S,100
09:54:14,10.42,S,1000
09:54:14,10.42,S,500
09:54:16,10.42,B,1000
09:54:26,10.41,S,900
09:54:29,10.42,B,600
09:54:31,10.42,B,1000
09:54:35,10.41,S,2300
09:54:35,10.41,S,400
09:54:36,10.41,S,3500
09:54:36,10.41,S,5000
09:54:36,10.41,S,200
09:54:36,10.41,S,20000
09:54:36,10.41,S,500
09:54:36,10.41,S,800
09:54:36,10.41,S,200
09:54:36,10.41,S,500
09:54:36,10.41,S,1000
09:54:36,10.41,S,500
09:54:36,10.41,S,1100
09:54:36,10.41,S,600
09:54:37,10.42,B,300
09:54:39,10.42,B,200
09:54:40,10.42,B,200
09:54:47,10.41,S,700
09:54:47,10.41,S,500
09:54:47,10.41,S,1200
09:54:47,10.41,S,2100
09:54:47,10.41,S,500
09:54:47,10.41,S,1000
09:54:47,10.4,S,800
09:54:47,10.4,S,300
09:54:47,10.4,S,2900
09:54:51,10.42,B,800
09:54:51,10.41,S,300
09:54:52,10.41,S,100
09:54:53,10.42,B,200
09:54:53,10.42,B,2200
09:54:53,10.42,B,200
09:54:53,10.42,B,200
09:54:53,10.42,B,500
09:54:53,10.42,B,1000
09:54:53,10.42,B,100
09:54:53,10.42,B,800
09:54:54,10.41,S,100
09:54:57,10.42,B,100
09:55:01,10.41,S,1500
09:55:01,10.41,S,14000
09:55:02,10.41,S,2000
09:55:04,10.42,B,800
09:55:05,10.42,B,200
09:55:07,10.41,S,4000
09:55:14,10.41,B,2000
09:55:20,10.41,B,900
09:55:22,10.4,S,1700
09:55:26,10.41,B,500
09:55:28,10.4,S,500
09:55:29,10.41,B,10000
09:55:30,10.41,B,5600
09:55:30,10.41,B,100
09:55:30,10.41,B,4000
09:55:30,10.41,B,1700
09:55:33,10.4,S,4900
09:55:33,10.4,S,2000
09:55:33,10.4,S,500
09:55:33,10.4,S,100
09:55:33,10.4,S,3000
09:55:33,10.4,S,100
09:55:33,10.4,S,500
09:55:33,10.4,S,10000
09:55:33,10.4,S,1000
09:55:33,10.4,S,1000
09:55:33,10.4,S,1400
09:55:33,10.4,S,200
09:55:33,10.4,S,10000
09:55:33,10.4,S,1500
09:55:33,10.4,S,200
09:55:33,10.4,S,3700
09:55:33,10.4,S,500
09:55:33,10.4,S,600
09:55:33,10.4,S,400
09:55:33,10.4,S,1000
09:55:33,10.4,S,500
09:55:33,10.4,S,500
09:55:33,10.4,S,500
09:55:33,10.4,S,500
09:55:33,10.4,S,5000
09:55:33,10.4,S,1000
09:55:33,10.4,S,400
09:55:33,10.4,S,14900
09:55:33,10.4,S,500
09:55:33,10.4,S,500
09:55:33,10.4,S,300
09:55:33,10.4,S,500
09:55:33,10.4,S,500
09:55:33,10.4,S,500
09:55:33,10.4,S,200
09:55:33,10.4,S,5000
09:55:33,10.4,S,2500
09:55:33,10.39,S,1700
09:55:33,10.39,S,2000
09:55:33,10.39,S,3200
09:55:36,10.41,B,300
09:55:36,10.41,B,300
09:55:36,10.41,B,1000
09:55:36,10.41,B,400
09:55:36,10.4,B,100
09:55:36,10.41,B,2900
09:55:38,10.41,B,1000
09:55:40,10.4,B,2500
09:55:42,10.4,S,900
09:55:42,10.4,B,800
09:55:42,10.41,B,5900
09:55:42,10.41,B,300
09:55:42,10.41,B,9000
09:55:46,10.41,S,4000
09:55:46,10.41,S,200
09:55:46,10.4,S,3500
09:55:48,10.4,B,1000
09:55:50,10.4,B,1300
09:55:50,10.4,B,1700
09:55:50,10.4,B,21300
09:55:50,10.4,B,200
09:55:51,10.41,S,100
09:55:53,10.41,S,1100
09:55:56,10.41,S,2000
09:55:58,10.41,S,2200
09:55:59,10.41,S,4000
09:56:02,10.41,S,2001
09:56:02,10.41,S,3600
09:56:02,10.41,S,800
09:56:04,10.41,S,900
09:56:04,10.41,S,1500
09:56:06,10.42,B,1500
09:56:06,10.42,B,700
09:56:06,10.41,S,200
09:56:07,10.41,S,2900
09:56:10,10.41,S,200
09:56:12,10.41,S,1000
09:56:13,10.41,S,5999
09:56:13,10.41,S,600
09:56:13,10.41,S,100
09:56:13,10.41,S,800
09:56:13,10.41,S,300
09:56:13,10.41,S,300
09:56:16,10.4,S,500
09:56:16,10.4,S,100
09:56:16,10.4,S,100
09:56:21,10.41,B,300
09:56:22,10.4,S,3000
09:56:23,10.41,B,1000
09:56:30,10.41,B,2000
09:56:30,10.41,B,1000
09:56:32,10.4,S,1000
09:56:38,10.41,B,200
09:56:46,10.41,B,2200
09:56:48,10.4,S,100
09:56:49,10.41,B,200
09:56:51,10.4,S,5800
09:56:51,10.4,S,200
09:56:52,10.4,S,100
09:56:56,10.4,S,100
09:56:57,10.4,S,4100
09:56:57,10.4,S,2000
09:56:57,10.4,S,5100
09:56:59,10.4,S,700
09:57:03,10.4,S,300
09:57:04,10.4,S,3000
09:57:05,10.4,S,1700
09:57:05,10.4,S,200
09:57:05,10.4,S,100
09:57:05,10.4,S,1000
09:57:09,10.4,S,500
09:57:12,10.4,S,300
09:57:12,10.4,S,200
09:57:13,10.4,S,100
09:57:13,10.41,B,1800
09:57:20,10.4,S,900
09:57:20,10.4,S,300
09:57:20,10.4,S,100
09:57:20,10.4,S,700
09:57:20,10.41,B,400
09:57:22,10.4,S,1900
09:57:23,10.41,B,300
09:57:24,10.41,B,301
09:57:24,10.41,B,200
09:57:24,10.41,B,1000
09:57:24,10.41,B,399
09:57:25,10.41,B,100
09:57:25,10.4,S,500
09:57:26,10.4,S,800
09:57:27,10.4,S,900
09:57:30,10.4,S,800
09:57:31,10.41,B,501
09:57:31,10.41,B,99
09:57:31,10.4,S,10300
09:57:32,10.4,S,100
09:57:36,10.4,S,100
09:57:38,10.4,S,600
09:57:40,10.4,S,200
09:57:41,10.41,B,1
09:57:41,10.41,B,1000
09:57:41,10.41,B,700
09:57:41,10.41,B,1299
09:57:42,10.4,S,100
09:57:44,10.4,S,1500
09:57:45,10.4,S,1500
09:57:45,10.4,S,1000
09:57:45,10.4,S,400
09:57:45,10.4,S,400
09:57:45,10.4,S,100
09:57:45,10.4,S,1000
09:57:45,10.4,S,1000
09:57:45,10.4,S,300
09:57:49,10.4,S,100
09:57:49,10.4,S,200
09:57:50,10.4,S,300
09:57:50,10.4,S,200
09:57:50,10.4,S,100
09:57:50,10.4,S,200
09:57:50,10.4,S,800
09:57:52,10.41,B,200
09:57:56,10.41,B,500
09:57:57,10.4,S,4200
09:57:57,10.4,S,1000
09:57:57,10.4,S,1000
09:57:57,10.4,S,1900
09:57:57,10.4,S,400
09:58:00,10.41,B,3000
09:58:03,10.4,S,2500
09:58:05,10.4,S,2100
09:58:05,10.4,S,1900
09:58:08,10.4,S,300
09:58:14,10.4,S,1000
09:58:15,10.4,S,900
09:58:16,10.41,B,500
09:58:16,10.41,B,1000
09:58:18,10.4,S,200
09:58:20,10.4,S,200
09:58:21,10.41,B,1000
09:58:24,10.4,S,500
09:58:24,10.4,S,1000
09:58:24,10.4,S,200
09:58:24,10.4,S,1300
09:58:28,10.4,S,300
09:58:30,10.4,S,700
09:58:33,10.4,S,1700
09:58:33,10.4,S,1300
09:58:36,10.4,S,600
09:58:36,10.4,S,500
09:58:39,10.4,S,2200
09:58:39,10.4,S,1400
09:58:39,10.4,S,2900
09:58:39,10.4,S,400
09:58:39,10.4,S,1300
09:58:39,10.4,S,700
09:58:39,10.4,S,1200
09:58:39,10.4,S,500
09:58:39,10.4,S,300
09:58:39,10.4,S,700
09:58:42,10.4,S,1300
09:58:42,10.4,S,3300
09:58:42,10.41,B,12701
09:58:42,10.41,B,700
09:58:42,10.41,B,600
09:58:42,10.41,B,300
09:58:42,10.41,B,11900
09:58:42,10.41,B,100
09:58:42,10.41,B,100
09:58:42,10.41,B,1000
09:58:42,10.41,B,500
09:58:42,10.41,B,300
09:58:42,10.41,B,100
09:58:42,10.41,B,1699
09:58:42,10.4,S,11900
09:58:42,10.4,S,1000
09:58:42,10.4,S,8700
09:58:46,10.4,S,1000
09:58:46,10.4,S,200
09:58:48,10.41,B,200
09:58:49,10.4,S,100
09:58:50,10.4,S,400
09:58:59,10.4,S,700
09:59:00,10.4,S,500
09:59:00,10.41,B,200
09:59:05,10.41,B,2201
09:59:05,10.41,B,1000
09:59:07,10.41,S,4799
09:59:07,10.4,S,4301
09:59:15,10.4,S,900
09:59:17,10.4,S,1600
09:59:19,10.4,S,1500
09:59:19,10.4,S,99
09:59:19,10.4,S,3000
09:59:19,10.4,S,4401
09:59:22,10.41,B,3000
09:59:22,10.4,S,1000
09:59:24,10.4,S,3000
09:59:25,10.41,B,1000
09:59:28,10.41,B,200
09:59:29,10.41,B,500
09:59:30,10.4,S,600
09:59:30,10.4,S,6000
09:59:31,10.4,S,100
09:59:32,10.4,S,200
09:59:32,10.4,S,4699
09:59:32,10.4,S,500
09:59:32,10.4,S,1000
09:59:32,10.4,S,200
09:59:32,10.4,S,100
09:59:32,10.4,S,500
09:59:32,10.4,S,1000
09:59:32,10.4,S,200
09:59:32,10.4,S,6901
09:59:38,10.4,S,999
09:59:38,10.4,S,400
09:59:38,10.4,S,200
09:59:38,10.4,S,8900
09:59:38,10.4,S,200
09:59:38,10.4,S,1000
09:59:38,10.4,S,1000
09:59:38,10.4,S,1000
09:59:40,10.4,B,500
09:59:46,10.4,B,1000
09:59:47,10.4,B,500
09:59:52,10.39,S,1100
09:59:52,10.4,B,2000
09:59:53,10.39,S,3300
09:59:58,10.4,B,500
10:00:00,10.39,S,22400
10:00:00,10.39,S,400
10:00:00,10.39,S,200
10:00:00,10.39,S,1100
10:00:00,10.39,S,1000
10:00:00,10.39,S,500
10:00:00,10.39,S,100
10:00:00,10.39,S,8300
10:00:00,10.39,S,100
10:00:02,10.4,B,300
10:00:03,10.39,S,1800
10:00:05,10.4,B,500
10:00:06,10.4,B,200
10:00:08,10.4,B,801
10:00:08,10.4,B,1500
10:00:08,10.4,B,400
10:00:08,10.4,B,100
10:00:08,10.4,B,1199
10:00:09,10.39,S,900
10:00:10,10.39,S,1200
10:00:12,10.39,S,1000
10:00:13,10.4,B,1500
10:00:13,10.4,B,300
10:00:13,10.4,B,1
10:00:13,10.4,B,499
10:00:13,10.39,S,1700
10:00:13,10.39,S,300
10:00:14,10.39,S,900
10:00:14,10.39,S,800
10:00:14,10.39,S,3300
10:00:14,10.39,S,4900
10:00:14,10.39,S,600
10:00:14,10.39,S,300
10:00:14,10.39,S,500
10:00:14,10.39,S,200
10:00:16,10.4,B,300
10:00:17,10.39,S,800
10:00:17,10.39,S,400
10:00:20,10.39,S,600
10:00:20,10.39,S,1000
10:00:20,10.39,S,100
10:00:25,10.39,B,200
10:00:26,10.39,B,1000
10:00:27,10.38,S,100
10:00:27,10.38,S,200
10:00:27,10.38,S,700
10:00:29,10.38,S,300
10:00:29,10.38,S,300
10:00:29,10.38,S,300
10:00:29,10.38,S,100
10:00:31,10.38,S,300
10:00:31,10.39,B,1300
10:00:31,10.39,B,1000
10:00:31,10.39,B,800
10:00:31,10.39,B,1900
10:00:37,10.39,B,700
10:00:37,10.38,S,1600
10:00:38,10.39,B,3000
10:00:39,10.39,B,3000
10:00:42,10.38,S,500
10:00:42,10.38,S,300
10:00:42,10.39,B,700
10:00:42,10.39,B,300
10:00:43,10.39,B,200
10:00:44,10.39,B,800
10:00:44,10.39,B,200
10:00:44,10.39,B,200
10:00:44,10.38,S,100
10:00:46,10.39,B,100
10:00:48,10.38,S,100
10:00:48,10.38,S,1000
10:00:48,10.38,S,500
10:00:48,10.38,S,200
10:00:50,10.38,S,1000
10:00:51,10.38,S,600
10:00:54,10.38,S,14000
10:00:55,10.39,B,500
10:00:58,10.38,S,2800
10:01:00,10.38,S,2600
10:01:02,10.38,S,400
10:01:03,10.38,S,4000
10:01:05,10.38,S,500
10:01:07,10.39,B,2000
10:01:07,10.39,B,3100
10:01:07,10.39,B,3000
10:01:07,10.39,B,3700
10:01:07,10.38,S,900
10:01:10,10.38,S,1200
10:01:11,10.38,S,1000
10:01:13,10.38,S,100
10:01:14,10.38,S,700
10:01:14,10.38,S,1000
10:01:14,10.38,S,1300
10:01:15,10.38,S,200
10:01:15,10.38,S,500
10:01:15,10.38,S,2000
10:01:15,10.38,S,1600
10:01:17,10.38,S,200
10:01:19,10.38,S,500
10:01:19,10.39,B,6300
10:01:19,10.39,B,400
10:01:19,10.39,B,700
10:01:19,10.39,B,100
10:01:19,10.39,S,1100
10:01:20,10.39,S,1900
10:01:20,10.39,S,100
10:01:22,10.39,S,1000
10:01:23,10.39,S,1800
10:01:27,10.39,S,2900
10:01:28,10.39,S,3700
10:01:28,10.39,S,300
10:01:28,10.39,S,500
10:01:28,10.39,S,3000
10:01:28,10.39,S,700
10:01:30,10.39,S,7800
10:01:30,10.39,S,1200
10:01:30,10.39,S,300
10:01:30,10.39,S,3000
10:01:30,10.38,S,700
10:01:30,10.38,S,200
10:01:30,10.38,S,400
10:01:30,10.38,S,500
10:01:30,10.38,S,200
10:01:30,10.38,S,2100
10:01:30,10.38,S,200
10:01:30,10.38,S,300
10:01:30,10.38,S,400
10:01:30,10.38,S,2700
10:01:30,10.38,S,2300
10:01:31,10.38,S,400
10:01:32,10.38,S,4400
10:01:33,10.38,S,200
10:01:33,10.38,S,800
10:01:33,10.38,S,200
10:01:33,10.38,S,200
10:01:33,10.38,S,2000
10:01:33,10.38,S,1000
10:01:33,10.38,S,200
10:01:33,10.38,S,2100
10:01:35,10.38,S,500
10:01:42,10.4,B,1201
10:01:42,10.4,B,1000
10:01:42,10.4,B,900
10:01:42,10.4,B,3000
10:01:42,10.4,B,2700
10:01:42,10.4,B,1500
10:01:42,10.4,B,4299
10:01:42,10.38,S,9700
10:01:42,10.38,S,100
10:01:45,10.38,S,7600
10:01:45,10.38,S,300
10:01:45,10.38,S,100
10:01:50,10.38,S,11200
10:01:54,10.38,S,100
10:01:54,10.38,S,8600
10:01:54,10.38,S,1000
10:01:56,10.38,B,400
10:01:56,10.39,B,600
10:01:56,10.38,B,1000
10:01:56,10.38,B,1000
10:01:57,10.38,S,400
10:01:57,10.38,S,100
10:01:57,10.38,B,100
10:01:59,10.38,B,500
10:02:01,10.38,B,500
10:02:04,10.38,B,800
10:02:04,10.38,B,800
10:02:07,10.38,B,1000
10:02:09,10.38,B,200
10:02:10,10.38,B,100
10:02:11,10.37,S,500
10:02:11,10.37,S,100
10:02:11,10.37,S,500
10:02:14,10.38,B,200
10:02:19,10.37,S,5100
10:02:19,10.38,B,1000
10:02:20,10.38,B,1700
10:02:20,10.38,B,1900
10:02:26,10.37,S,500
10:02:28,10.37,S,1000
10:02:28,10.37,S,1500
10:02:28,10.37,S,900
10:02:28,10.38,B,700
10:02:28,10.38,B,1300
10:02:28,10.38,B,400
10:02:28,10.38,B,500
10:02:30,10.37,S,8000
10:02:31,10.38,B,400
10:02:31,10.38,B,100
10:02:31,10.37,S,2500
10:02:31,10.37,S,500
10:02:35,10.37,S,1100
10:02:35,10.38,B,19900
10:02:35,10.38,B,1000
10:02:35,10.38,B,4600
10:02:35,10.38,B,4500
10:02:36,10.38,B,200
10:02:36,10.37,S,200
10:02:36,10.37,S,2000
10:02:36,10.38,B,2700
10:02:36,10.38,B,2600
10:02:40,10.37,S,8400
10:02:44,10.37,S,500
10:02:44,10.37,S,5800
10:02:45,10.37,S,400
10:02:49,10.37,S,5000
10:02:57,10.37,S,2600
10:02:57,10.37,S,500
10:02:59,10.37,S,100
10:03:03,10.38,B,400
10:03:03,10.38,B,800
10:03:03,10.38,B,600
10:03:03,10.38,B,48200
10:03:04,10.37,S,1400
10:03:05,10.37,S,1500
10:03:05,10.37,S,500
10:03:05,10.37,S,100
10:03:05,10.37,S,500
10:03:09,10.37,S,1500
10:03:09,10.37,S,500
10:03:09,10.38,B,100
10:03:10,10.38,B,21300
10:03:10,10.38,B,3200
10:03:10,10.38,B,5500
10:03:11,10.37,S,1000
10:03:11,10.37,S,400
10:03:11,10.37,S,500
10:03:11,10.37,S,100
10:03:11,10.37,S,2500
10:03:12,10.37,S,3000
10:03:15,10.37,S,3800
10:03:18,10.37,S,700
10:03:18,10.37,S,300
10:03:20,10.38,B,500
10:03:22,10.37,S,200
10:03:22,10.37,S,400
10:03:22,10.37,S,400
10:03:23,10.37,S,100
10:03:24,10.38,B,4000
10:03:24,10.38,B,800
10:03:24,10.37,S,1100
10:03:28,10.37,S,3100
10:03:31,10.37,S,200
10:03:33,10.38,B,100
10:03:37,10.37,S,2977
10:03:39,10.37,S,123
10:03:39,10.37,S,100
10:03:39,10.37,S,377
10:03:41,10.37,S,123
10:03:41,10.37,S,2000
10:03:41,10.37,S,100
10:03:41,10.37,S,500
10:03:46,10.37,B,100
10:03:56,10.37,B,5800
10:03:57,10.37,B,9600
10:03:57,10.37,B,1000
10:03:59,10.37,B,600
10:04:01,10.37,B,100
10:04:02,10.36,S,2000
10:04:03,10.37,B,1300
10:04:15,10.37,B,500
10:04:16,10.36,S,2000
10:04:17,10.36,S,5500
10:04:17,10.36,S,2000
10:04:17,10.36,S,500
10:04:17,10.36,S,10000
10:04:17,10.36,S,500
10:04:17,10.36,S,1300
10:04:17,10.37,B,10000
10:04:19,10.36,S,200
10:04:20,10.36,S,200
10:04:23,10.36,S,2000
10:04:24,10.37,B,1000
10:04:26,10.36,S,800
10:04:26,10.37,B,300
10:04:27,10.36,S,300
10:04:29,10.36,S,200
10:04:29,10.36,S,300
10:04:29,10.36,S,700
10:04:29,10.36,S,500
10:04:29,10.36,S,200
10:04:29,10.36,S,2000
10:04:29,10.36,S,200
10:04:29,10.36,S,2000
10:04:29,10.36,S,3000
10:04:29,10.36,S,400
10:04:29,10.36,S,1600
10:04:29,10.36,S,1000
10:04:29,10.36,S,2000
10:04:29,10.36,S,1000
10:04:29,10.36,S,600
10:04:29,10.36,S,200
10:04:29,10.36,S,200
10:04:29,10.36,S,100
10:04:29,10.36,S,20000
10:04:29,10.36,S,1000
10:04:29,10.36,S,1000
10:04:29,10.36,S,500
10:04:33,10.36,B,500
10:04:37,10.36,B,1300
10:04:37,10.36,B,900
10:04:37,10.36,B,1000
10:04:37,10.36,B,2000
10:04:43,10.36,S,200
10:04:44,10.36,S,1000
10:04:44,10.36,S,200
10:04:45,10.36,S,3400
10:04:45,10.36,S,6800
10:04:46,10.36,S,13200
10:04:46,10.35,S,1000
10:04:46,10.35,S,1700
10:04:46,10.36,S,2300
10:04:47,10.36,S,500
10:04:51,10.36,B,200
10:04:51,10.36,B,800
10:04:51,10.36,B,600
10:04:52,10.36,S,3600
10:04:52,10.35,S,300
10:04:52,10.35,S,500
10:04:52,10.35,S,1000
10:04:52,10.35,S,500
10:04:52,10.35,S,100
10:04:52,10.35,S,4900
10:04:52,10.35,S,200
10:04:52,10.35,S,3000
10:04:52,10.35,S,200
10:04:52,10.35,S,100
10:04:52,10.35,S,500
10:04:52,10.35,S,1000
10:04:52,10.35,S,200
10:04:52,10.35,S,500
10:04:52,10.35,S,200
10:04:52,10.35,S,4200
10:04:54,10.36,S,500
10:05:00,10.36,S,500
10:05:01,10.36,S,700
10:05:01,10.36,S,1200
10:05:01,10.36,S,3300
10:05:01,10.36,S,1000
10:05:01,10.35,S,700
10:05:01,10.35,S,100
10:05:01,10.35,S,1000
10:05:01,10.35,S,400
10:05:01,10.35,S,100
10:05:01,10.35,S,500
10:05:01,10.35,S,500
10:05:01,10.35,S,300
10:05:01,10.35,S,1600
10:05:01,10.35,S,500
10:05:01,10.35,S,300
10:05:01,10.35,S,100
10:05:01,10.35,S,300
10:05:01,10.35,S,200
10:05:01,10.35,S,500
10:05:01,10.35,S,600
10:05:01,10.35,S,400
10:05:01,10.35,S,1000
10:05:01,10.35,S,1000
10:05:01,10.35,S,500
10:05:01,10.35,S,4700
10:05:01,10.35,S,100
10:05:01,10.35,S,300
10:05:01,10.35,S,3000
10:05:01,10.35,S,200
10:05:01,10.35,S,1000
10:05:01,10.35,S,500
10:05:01,10.35,S,100
10:05:01,10.35,S,200
10:05:01,10.35,S,4000
10:05:04,10.35,S,4200
10:05:05,10.36,B,100
10:05:05,10.36,B,1400
10:05:05,10.36,B,6100
10:05:05,10.36,S,4700
10:05:06,10.36,S,900
10:05:09,10.36,S,5600
10:05:12,10.37,B,4700
10:05:13,10.36,S,500
10:05:18,10.36,S,2000
10:05:19,10.36,S,200
10:05:22,10.36,S,800
10:05:24,10.36,S,5000
10:05:28,10.36,S,2000
10:05:28,10.36,S,700
10:05:28,10.36,S,4100
10:05:30,10.36,S,7400
10:05:30,10.36,S,2000
10:05:31,10.36,S,300
10:05:33,10.36,S,400
10:05:33,10.36,S,2100
10:05:35,10.36,S,300
10:05:35,10.36,S,100
10:05:35,10.36,S,800
10:05:35,10.36,S,3400
10:05:35,10.36,S,100
10:05:35,10.36,S,1000
10:05:35,10.36,S,400
10:05:35,10.36,S,2000
10:05:35,10.36,S,1000
10:05:35,10.36,S,300
10:05:35,10.36,S,500
10:05:35,10.35,S,2800
10:05:39,10.37,B,300
10:05:43,10.36,S,100
10:05:44,10.37,B,3000
10:05:44,10.36,S,100
10:05:45,10.36,S,300
10:05:45,10.36,S,500
10:05:53,10.36,B,600
10:05:53,10.36,B,300
10:05:53,10.36,B,100
10:05:55,10.35,S,500
10:05:59,10.35,S,5000
10:06:00,10.35,S,2000
10:06:00,10.36,B,100
10:06:00,10.36,B,100
10:06:00,10.36,B,300
10:06:00,10.36,B,100
10:06:00,10.36,B,1400
10:06:01,10.35,S,1500
10:06:01,10.35,S,500
10:06:03,10.36,B,200
10:06:03,10.36,B,300
10:06:03,10.36,B,400
10:06:03,10.36,S,1500
10:06:04,10.36,S,100
10:06:05,10.36,S,100
10:06:10,10.36,S,2400
10:06:10,10.36,S,200
10:06:10,10.36,S,400
10:06:10,10.36,S,1000
10:06:11,10.36,B,300
10:06:12,10.36,S,500
10:06:13,10.36,S,900
10:06:13,10.36,S,500
10:06:15,10.36,S,600
10:06:18,10.35,S,1500
10:06:18,10.35,S,400
10:06:18,10.35,S,3300
10:06:19,10.36,B,400
10:06:19,10.36,B,800
10:06:19,10.36,B,900
10:06:20,10.36,B,600
10:06:20,10.36,B,100
10:06:21,10.36,B,800
10:06:22,10.36,B,1300
10:06:22,10.36,B,2800
10:06:24,10.36,S,500
10:06:29,10.37,B,3000
10:06:30,10.36,S,1000
10:06:30,10.37,B,5000
10:06:32,10.36,S,100
10:06:33,10.36,S,2000
10:06:35,10.36,S,1800
10:06:36,10.36,S,2100
10:06:36,10.36,S,1900
10:06:36,10.37,B,977
10:06:36,10.37,B,23
10:06:38,10.36,S,1100
10:06:39,10.37,B,377
10:06:39,10.37,B,300
10:06:39,10.37,B,600
10:06:39,10.37,B,400
10:06:39,10.37,B,10000
10:06:39,10.37,B,2900
10:06:39,10.37,B,1200
10:06:39,10.37,B,1000
10:06:39,10.37,B,400
10:06:39,10.37,B,2823
10:06:40,10.36,S,2000
10:06:41,10.36,S,2500
10:06:45,10.36,S,100
10:06:45,10.36,S,900
10:06:46,10.37,B,1000
10:06:47,10.37,B,500
10:06:50,10.37,B,300
10:06:50,10.37,B,4277
10:06:50,10.37,B,5000
10:06:50,10.37,B,400
10:06:50,10.37,B,200
10:06:50,10.37,S,2000
10:06:54,10.37,S,6000
10:06:54,10.37,S,1500
10:06:54,10.37,S,623
10:06:56,10.37,B,477
10:06:57,10.37,S,500
10:07:01,10.37,S,23
10:07:02,10.37,B,300
10:07:04,10.36,S,200
10:07:04,10.36,S,300
10:07:04,10.36,S,100
10:07:05,10.36,S,300
10:07:06,10.36,S,500
10:07:06,10.36,S,100
10:07:08,10.36,S,1400
10:07:08,10.36,S,5700
10:07:15,10.37,B,300
10:07:16,10.37,B,500
10:07:18,10.37,B,1000
10:07:21,10.37,B,100
10:07:22,10.37,B,5277
10:07:22,10.37,B,500
10:07:31,10.37,S,400
10:07:34,10.37,S,200
10:07:38,10.38,B,1500
10:07:40,10.37,S,600
10:07:42,10.38,B,1000
10:07:44,10.38,B,2400
10:07:44,10.38,B,100
10:07:49,10.38,B,100
10:07:49,10.38,B,1800
10:07:49,10.39,B,900
10:07:49,10.39,B,300
10:07:54,10.37,S,400
10:07:54,10.38,B,1200
10:07:55,10.38,B,200
10:07:56,10.38,B,3000
10:07:57,10.38,B,400
10:07:58,10.38,B,700
10:08:04,10.38,S,100
10:08:06,10.38,S,1300
10:08:06,10.38,S,200
10:08:11,10.38,S,1500
10:08:11,10.38,S,400
10:08:11,10.38,S,2500
10:08:11,10.38,S,1000
10:08:11,10.38,S,300
10:08:13,10.38,B,100
10:08:14,10.38,B,1100
10:08:14,10.38,B,400
10:08:19,10.38,B,2000
10:08:19,10.38,B,700
10:08:19,10.38,B,3100
10:08:22,10.38,B,1000
10:08:22,10.38,B,300
10:08:22,10.38,B,100
10:08:28,10.39,B,100
10:08:28,10.4,B,900
10:08:28,10.38,S,500
10:08:29,10.4,B,200
10:08:35,10.38,S,1000
10:08:44,10.38,S,200
10:08:44,10.38,S,800
10:08:44,10.38,S,500
10:08:44,10.38,S,4500
10:08:44,10.38,S,2400
10:08:49,10.4,B,900
10:08:50,10.4,B,2700
10:08:53,10.4,B,2729
10:08:53,10.4,B,3000
10:08:53,10.4,B,1000
10:08:53,10.4,B,100
10:08:53,10.4,B,1400
10:08:53,10.4,B,1000
10:08:53,10.4,B,200
10:08:53,10.4,B,300
10:08:53,10.4,B,3000
10:08:53,10.4,B,100
10:08:53,10.4,B,1600
10:08:53,10.4,B,500
10:08:53,10.4,B,300
10:08:53,10.4,B,1400
10:08:53,10.4,B,1700
10:08:53,10.4,B,200
10:08:53,10.4,B,9000
10:08:53,10.4,B,2000
10:08:58,10.4,S,471
10:08:58,10.39,S,1529
10:09:05,10.4,S,500
10:09:06,10.41,B,800
10:09:06,10.41,B,100
10:09:06,10.41,B,3200
10:09:06,10.41,B,100
10:09:06,10.41,B,100
10:09:06,10.41,B,400
10:09:06,10.42,B,4000
10:09:06,10.42,B,500
10:09:06,10.42,B,1000
10:09:06,10.42,B,100
10:09:06,10.42,B,500
10:09:06,10.43,B,1000
10:09:06,10.43,B,100
10:09:06,10.43,B,100
10:09:06,10.43,B,500
10:09:06,10.43,B,100
10:09:06,10.43,B,500
10:09:06,10.44,B,500
10:09:06,10.44,B,100
10:09:06,10.44,B,600
10:09:06,10.44,B,1300
10:09:06,10.44,B,100
10:09:06,10.45,B,1500
10:09:06,10.45,B,3400
10:09:06,10.45,B,1000
10:09:06,10.45,B,1000
10:09:06,10.45,B,500
10:09:06,10.45,B,100
10:09:06,10.45,B,500
10:09:06,10.45,B,1900
10:09:06,10.45,B,300
10:09:06,10.46,B,200
10:09:06,10.46,B,800
10:09:06,10.46,B,200
10:09:06,10.46,B,300
10:09:06,10.46,B,1400
10:09:06,10.47,B,3000
10:09:06,10.47,B,700
10:09:06,10.47,B,200
10:09:06,10.48,B,600
10:09:06,10.48,B,1800
10:09:06,10.48,B,5000
10:09:06,10.48,B,3700
10:09:06,10.48,B,1900
10:09:06,10.48,B,4300
10:09:08,10.4,S,2000
10:09:09,10.39,S,371
10:09:09,10.39,S,129
10:09:10,10.4,B,100
10:09:13,10.4,B,2000
10:09:15,10.4,B,300
10:09:16,10.4,B,1000
10:09:18,10.4,B,2000
10:09:18,10.4,B,600
10:09:20,10.4,B,800
10:09:25,10.4,B,500
10:09:25,10.4,B,100
10:09:28,10.4,B,3300
10:09:28,10.4,B,500
10:09:28,10.4,B,800
10:09:30,10.4,B,200
10:09:30,10.4,B,800
10:09:31,10.4,B,700
10:09:31,10.4,B,700
10:09:31,10.4,B,1400
10:09:32,10.41,B,1200
10:09:49,10.41,S,800
10:09:51,10.41,S,100
10:09:54,10.41,S,7900
10:09:54,10.41,S,400
10:09:54,10.45,B,200
10:10:01,10.45,B,100
10:10:09,10.45,B,200
10:10:12,10.45,B,2500
10:10:12,10.45,B,100
10:10:12,10.45,B,400
10:10:12,10.43,S,500
10:10:13,10.43,S,200
10:10:18,10.45,B,14600
10:10:18,10.45,S,200
10:10:18,10.45,S,200
10:10:18,10.45,S,300
10:10:21,10.45,B,800
10:10:21,10.45,B,300
10:10:22,10.45,B,900
10:10:22,10.45,B,100
10:10:23,10.43,S,7500
10:10:23,10.43,S,200
10:10:24,10.45,B,400
10:10:27,10.45,S,200
10:10:29,10.45,S,100
10:10:37,10.45,S,300
10:10:37,10.45,S,100
10:10:44,10.47,B,2500
10:10:44,10.48,B,3700
10:10:44,10.48,B,1000
10:10:44,10.48,B,600
10:10:44,10.48,B,100
10:10:44,10.49,B,400
10:10:48,10.47,S,200
10:10:48,10.47,S,500
10:11:01,10.48,B,300
10:11:05,10.49,B,500
10:11:07,10.49,B,100
10:11:07,10.49,B,1100
10:11:09,10.48,B,2800
10:11:09,10.49,B,1700
10:11:09,10.49,B,100
10:11:12,10.48,S,100
10:11:12,10.47,S,200
10:11:13,10.49,B,2600
10:11:13,10.49,B,500
10:11:13,10.49,B,1500
10:11:16,10.49,B,1000
10:11:17,10.48,S,10000
10:11:17,10.48,S,1300
10:11:17,10.47,S,26300
10:11:21,10.49,B,100
10:11:25,10.48,B,700
10:11:25,10.49,B,800
10:11:26,10.49,B,3000
10:11:27,10.49,B,5500
10:11:27,10.49,B,1000
10:11:27,10.49,B,2000
10:11:27,10.49,B,1500
10:11:28,10.49,B,500
10:11:29,10.49,S,600
10:11:30,10.48,S,200
10:11:30,10.49,B,1200
10:11:32,10.49,B,300
10:11:32,10.48,S,200
10:11:36,10.49,B,100
10:11:40,10.48,S,600
10:11:42,10.48,B,400
10:11:42,10.48,B,1000
10:11:45,10.49,B,2800
10:11:45,10.49,B,1800
10:11:45,10.49,B,400
10:11:45,10.49,B,1000
10:11:46,10.49,B,3600
10:11:52,10.49,B,200
10:11:53,10.49,B,500
10:11:53,10.48,S,200
10:11:53,10.48,S,500
10:11:57,10.49,B,1000
10:11:57,10.49,B,1100
10:11:58,10.49,B,200
10:11:58,10.49,B,1100
10:11:58,10.49,B,1000
10:11:58,10.49,B,1600
10:11:58,10.49,B,1000
10:11:58,10.5,B,100
10:12:02,10.48,S,100
10:12:03,10.49,B,400
10:12:04,10.49,B,600
10:12:04,10.49,B,100
10:12:05,10.48,S,100
10:12:08,10.48,S,400
10:12:08,10.48,S,200
10:12:10,10.48,S,600
10:12:10,10.48,S,100
10:12:10,10.49,B,700
10:12:11,10.48,S,100
10:12:14,10.49,B,200
10:12:15,10.49,B,100
10:12:19,10.48,S,300
10:12:19,10.48,S,200
10:12:20,10.49,B,1900
10:12:20,10.49,B,500
10:12:20,10.49,B,2000
10:12:20,10.49,B,300
10:12:20,10.49,B,1000
10:12:20,10.49,B,1000
10:12:20,10.49,B,200
10:12:22,10.48,S,400
10:12:24,10.49,B,1000
10:12:24,10.49,B,1800
10:12:24,10.49,B,200
10:12:25,10.48,S,400
10:12:25,10.48,S,200
10:12:25,10.48,S,700
10:12:25,10.47,S,11400
10:12:26,10.49,B,800
10:12:26,10.49,B,1000
10:12:26,10.49,B,1000
10:12:26,10.49,B,1000
10:12:26,10.49,B,6200
10:12:27,10.47,S,8000
10:12:28,10.48,B,200
10:12:28,10.49,B,1300
10:12:28,10.5,B,300
10:12:28,10.5,B,300
10:12:32,10.49,B,300
10:12:33,10.49,B,100
10:12:33,10.49,B,500
10:12:35,10.49,B,900
10:12:35,10.48,S,100
10:12:35,10.49,B,200
10:12:35,10.49,B,1000
10:12:35,10.5,B,3700
10:12:35,10.5,B,1000
10:12:35,10.5,B,700
10:12:35,10.5,B,100
10:12:35,10.5,B,600
10:12:35,10.5,B,600
10:12:35,10.5,B,700
10:12:35,10.5,B,1300
10:12:36,10.48,S,200
10:12:36,10.48,S,200
10:12:37,10.5,B,100
10:12:39,10.49,S,100
10:12:39,10.48,S,900
10:12:42,10.49,S,3100
10:12:43,10.49,S,600
10:12:43,10.49,S,1400
10:12:45,10.49,S,300
10:12:47,10.49,S,700
10:12:50,10.5,B,1100
10:12:56,10.5,B,200
10:13:00,10.5,B,1000
10:13:00,10.49,S,1200
10:13:00,10.5,B,100
10:13:00,10.49,S,200
10:13:02,10.5,B,1200
10:13:02,10.5,B,700
10:13:02,10.5,B,200
10:13:02,10.5,B,2900
10:13:04,10.49,S,500
10:13:04,10.49,S,500
10:13:05,10.49,S,400
10:13:08,10.49,S,500
10:13:09,10.49,S,300
10:13:09,10.49,S,500
10:13:09,10.49,S,500
10:13:09,10.49,S,2000
10:13:09,10.49,S,1700
10:13:13,10.49,S,2400
10:13:13,10.49,S,800
10:13:13,10.49,S,200
10:13:13,10.49,S,2400
10:13:14,10.5,B,100
10:13:14,10.5,B,400
10:13:16,10.49,S,1000
10:13:16,10.5,B,2100
10:13:17,10.49,S,1000
10:13:18,10.5,B,2700
10:13:18,10.5,B,1000
10:13:18,10.5,B,300
10:13:18,10.5,B,1000
10:13:19,10.5,B,300
10:13:19,10.5,B,400
10:13:19,10.5,B,500
10:13:19,10.5,B,100
10:13:19,10.5,B,1100
10:13:19,10.5,B,100
10:13:19,10.5,B,1500
10:13:19,10.5,B,1200
10:13:19,10.5,B,1100
10:13:19,10.49,S,2000
10:13:19,10.49,S,1000
10:13:21,10.5,B,900
10:13:21,10.5,B,1500
10:13:21,10.5,B,3500
10:13:21,10.5,B,400
10:13:21,10.49,S,1200
10:13:21,10.5,B,600
10:13:21,10.5,B,300
10:13:21,10.5,B,500
10:13:21,10.5,B,300
10:13:21,10.5,B,100
10:13:21,10.5,B,400
10:13:21,10.5,B,100
10:13:21,10.5,B,500
10:13:21,10.5,B,400
10:13:21,10.5,B,200
10:13:21,10.5,B,100
10:13:21,10.5,B,500
10:13:21,10.5,B,1000
10:13:21,10.5,B,200
10:13:21,10.5,B,100
10:13:21,10.5,B,7200
10:13:21,10.5,B,4000
10:13:21,10.5,B,3000
10:13:21,10.5,B,200
10:13:21,10.5,B,1200
10:13:21,10.5,B,200
10:13:21,10.5,B,2000
10:13:21,10.5,B,1000
10:13:21,10.5,B,1000
10:13:25,10.5,S,100
10:13:25,10.5,S,800
10:13:25,10.5,S,200
10:13:25,10.5,S,10000
10:13:27,10.5,S,500
10:13:32,10.5,S,400
10:13:32,10.5,S,1000
10:13:34,10.5,S,1100
10:13:37,10.5,S,100
10:13:38,10.5,S,200
10:13:39,10.5,S,100
10:13:39,10.5,S,500
10:13:40,10.5,S,3000
10:13:41,10.5,S,6900
10:13:41,10.5,S,800
10:13:41,10.5,S,2000
10:13:41,10.5,S,100
10:13:41,10.5,S,7700
10:13:41,10.51,B,2100
10:13:41,10.51,B,900
10:13:41,10.5,S,400
10:13:41,10.51,B,1000
10:13:42,10.5,S,1900
10:13:42,10.49,S,900
10:13:42,10.48,S,100
10:13:46,10.49,B,10000
10:13:49,10.49,B,300
10:13:50,10.49,B,300
10:13:52,10.49,B,800
10:13:53,10.49,B,2600
10:13:53,10.49,B,500
10:13:54,10.49,B,5500
10:13:54,10.49,B,500
10:13:54,10.5,B,1000
10:13:54,10.5,B,3300
10:13:54,10.5,B,500
10:13:54,10.5,B,900
10:13:54,10.5,B,400
10:13:54,10.5,B,3000
10:13:54,10.5,B,1000
10:13:54,10.5,B,500
10:13:54,10.5,B,1100
10:13:54,10.51,B,1000
10:13:54,10.51,B,1200
10:13:54,10.51,B,100
10:13:59,10.51,B,100
10:13:59,10.5,S,100
10:13:59,10.5,S,300
10:14:00,10.5,S,100
10:14:02,10.49,B,2500
10:14:09,10.49,B,2500
10:14:11,10.5,B,100
10:14:11,10.5,B,200
10:14:14,10.5,B,500
10:14:17,10.5,B,300
10:14:17,10.5,B,500
10:14:17,10.5,B,200
10:14:18,10.5,B,300
10:14:21,10.5,B,200
10:14:21,10.49,S,500
10:14:21,10.49,S,1100
10:14:21,10.49,S,1400
10:14:21,10.48,S,800
10:14:22,10.5,B,700
10:14:22,10.5,B,600
10:14:22,10.5,B,1400
10:14:27,10.49,S,500
10:14:27,10.49,S,500
10:14:28,10.5,B,800
10:14:29,10.49,S,1000
10:14:30,10.49,S,300
10:14:30,10.49,S,300
10:14:35,10.49,B,200
10:14:38,10.49,B,700
10:14:38,10.5,B,1100
10:14:41,10.49,B,800
10:14:41,10.49,B,600
10:14:43,10.49,B,4600
10:14:47,10.48,S,2700
10:14:47,10.48,S,300
10:14:47,10.49,B,100
10:14:49,10.49,B,500
10:14:49,10.48,S,700
10:14:49,10.48,S,300
10:14:54,10.49,B,100
10:14:57,10.49,B,900
10:14:59,10.49,B,400
10:15:00,10.48,S,100
10:15:00,10.48,S,1000
10:15:00,10.48,S,100
10:15:00,10.48,S,400
10:15:01,10.48,S,400
10:15:01,10.48,S,400
10:15:01,10.48,S,300
10:15:01,10.48,S,100
10:15:01,10.48,S,200
10:15:01,10.48,S,1500
10:15:01,10.48,S,500
10:15:02,10.49,B,200
10:15:03,10.48,B,3000
10:15:04,10.48,B,2000
10:15:05,10.48,B,400
10:15:05,10.48,B,200
10:15:05,10.49,B,19400
10:15:10,10.48,B,100
10:15:20,10.48,B,1000
10:15:20,10.48,B,3900
10:15:20,10.48,B,1100
10:15:27,10.47,S,500
10:15:28,10.48,B,500
10:15:29,10.48,B,900
10:15:29,10.48,B,1100
10:15:31,10.47,S,300
10:15:37,10.47,S,400
10:15:38,10.48,B,100
10:15:38,10.48,B,200
10:15:40,10.47,S,200
10:15:42,10.47,S,2000
10:15:45,10.47,S,300
10:15:45,10.47,S,1000
10:15:47,10.47,S,300
10:15:49,10.47,S,500
10:15:51,10.47,S,100
10:15:51,10.47,S,700
10:15:51,10.47,S,300
10:15:58,10.47,S,500
10:16:04,10.47,S,500
10:16:04,10.47,S,1000
10:16:04,10.47,S,1000
10:16:04,10.47,S,500
10:16:04,10.47,S,1000
10:16:05,10.46,S,2000
10:16:05,10.46,S,1600
10:16:05,10.46,S,1000
10:16:05,10.46,S,100
10:16:05,10.46,S,600
10:16:05,10.46,S,5000
10:16:05,10.45,S,1900
10:16:05,10.45,S,900
10:16:05,10.45,S,13900
10:16:07,10.47,B,800
10:16:17,10.47,B,4900
10:16:19,10.46,S,200
10:16:20,10.46,S,300
10:16:22,10.46,S,600
10:16:22,10.46,S,2000
10:16:23,10.46,B,100
10:16:25,10.46,B,100
10:16:30,10.46,B,300
10:16:32,10.46,S,700
10:16:32,10.45,S,1500
10:16:35,10.45,S,4600
10:16:35,10.45,S,500
10:16:35,10.45,S,10000
10:16:35,10.45,S,1000
10:16:35,10.45,S,1400
10:16:43,10.45,S,1000
10:16:48,10.45,S,2600
10:16:48,10.45,S,1200
10:16:50,10.45,S,1200
10:16:55,10.46,B,200
10:16:55,10.46,B,300
10:16:58,10.45,S,600
10:16:58,10.45,S,400
10:16:58,10.45,S,1400
10:17:00,10.45,S,500
10:17:10,10.46,B,500
10:17:13,10.45,S,700
10:17:13,10.45,S,2000
10:17:13,10.45,S,200
10:17:13,10.45,S,1000
10:17:13,10.45,S,5500
10:17:13,10.44,S,200
10:17:13,10.44,S,1200
10:17:13,10.43,S,1600
10:17:13,10.43,S,2000
10:17:13,10.43,S,43200
10:17:13,10.43,S,1000
10:17:13,10.43,S,500
10:17:13,10.43,S,100
10:17:15,10.43,B,1000
10:17:16,10.43,B,2900
10:17:18,10.43,B,100
10:17:23,10.43,B,100
10:17:24,10.42,S,2000
10:17:24,10.42,S,800
10:17:27,10.43,B,700
10:17:28,10.43,B,100
10:17:29,10.43,B,1400
10:17:30,10.43,B,1100
10:17:37,10.43,B,100
10:17:42,10.42,S,200
10:17:42,10.42,S,3000
10:17:42,10.42,S,900
10:17:42,10.42,S,2000
10:17:43,10.43,B,2600
10:17:44,10.43,B,700
10:17:44,10.46,B,300
10:17:45,10.46,B,400
10:17:46,10.43,S,500
10:17:52,10.43,S,800
10:17:52,10.43,S,5000
10:17:52,10.43,S,500
10:17:52,10.42,S,1400
10:17:53,10.43,S,1000
10:17:53,10.43,S,1000
10:17:53,10.43,S,300
10:17:53,10.42,S,200
10:18:12,10.43,S,2000
10:18:12,10.43,S,1000
10:18:12,10.43,S,2000
10:18:12,10.43,S,200
10:18:12,10.43,S,2500
10:18:12,10.43,S,1000
10:18:12,10.43,S,500
10:18:12,10.42,S,4300
10:18:12,10.42,S,100
10:18:12,10.42,S,1000
10:18:12,10.42,S,1000
10:18:20,10.43,S,1500
10:18:27,10.45,B,300
10:18:29,10.43,S,500
10:18:38,10.44,S,1000
10:18:39,10.44,S,100
10:18:49,10.44,S,5000
10:18:49,10.45,B,100
10:18:54,10.45,B,600
10:18:54,10.45,B,300
10:18:54,10.46,B,2200
10:18:54,10.46,B,100
10:18:54,10.46,B,300
10:18:54,10.46,B,400
10:18:55,10.45,S,6000
10:19:00,10.45,S,1500
10:19:01,10.45,S,300
10:19:06,10.46,B,500
10:19:18,10.46,B,100
10:19:18,10.46,B,100
10:19:18,10.46,B,200
10:19:18,10.47,B,1000
10:19:18,10.47,B,300
10:19:18,10.47,B,100
10:19:18,10.47,B,1400
10:19:18,10.47,B,200
10:19:18,10.47,B,300
10:19:18,10.48,B,800
10:19:18,10.48,B,500
10:19:38,10.47,B,100
10:19:38,10.47,B,900
10:19:54,10.47,S,100
10:19:56,10.47,S,200
10:19:57,10.47,S,1000
10:19:57,10.47,S,1200
10:19:58,10.47,B,500
10:20:01,10.47,B,1100
10:20:01,10.47,B,200
10:20:01,10.48,B,200
10:20:01,10.48,B,200
10:20:01,10.48,B,200
10:20:02,10.48,B,100
10:20:02,10.48,B,100
10:20:02,10.48,B,1300
10:20:02,10.48,B,300
10:20:02,10.48,B,5000
10:20:02,10.48,B,500
10:20:02,10.48,B,300
10:20:02,10.48,B,500
10:20:02,10.48,B,3000
10:20:02,10.48,B,5000
10:20:02,10.48,B,1500
10:20:02,10.48,B,400
10:20:02,10.48,B,100
10:20:02,10.48,B,700
10:20:04,10.47,B,200
10:20:04,10.46,S,20000
10:20:04,10.46,S,600
10:20:04,10.46,S,700
10:20:04,10.46,S,600
10:20:06,10.46,B,6800
10:20:06,10.47,B,300
10:20:06,10.47,B,500
10:20:06,10.47,B,200
10:20:06,10.47,B,300
10:20:10,10.47,B,200
10:20:10,10.47,B,300
10:20:30,10.46,B,1000
10:20:31,10.46,B,5000
10:20:31,10.46,B,100
10:20:31,10.47,B,200
10:20:31,10.47,B,500
10:20:31,10.47,B,500
10:20:31,10.47,B,800
10:20:32,10.45,S,2000
10:20:36,10.47,B,600
10:20:37,10.45,S,200
10:20:37,10.45,S,100
10:20:37,10.45,S,700
10:20:39,10.45,S,1200
10:20:39,10.45,S,1000
10:20:39,10.45,S,600
10:20:39,10.45,S,100
10:20:44,10.45,S,900
10:20:44,10.45,S,3100
10:20:55,10.45,S,900
10:20:57,10.47,B,800
10:20:57,10.47,B,600
10:20:57,10.47,B,100
10:20:57,10.47,B,600
10:21:18,10.47,S,296
10:21:20,10.47,S,600
10:21:21,10.48,B,100
10:21:22,10.47,S,200
10:21:22,10.48,B,2400
10:21:22,10.48,B,500
10:21:22,10.48,B,900
10:21:22,10.48,B,200
10:21:23,10.47,S,800
10:21:27,10.47,S,200
10:21:36,10.47,S,804
10:21:36,10.47,S,2796
10:21:39,10.47,S,1000
10:21:41,10.48,B,800
10:21:41,10.48,B,200
10:21:42,10.47,S,14000
10:21:43,10.48,B,4000
10:21:45,10.48,B,200
10:21:47,10.48,B,200
10:21:47,10.48,B,1600
10:21:47,10.48,B,700
10:21:52,10.47,S,2204
10:21:52,10.47,S,100
10:21:52,10.47,S,1900
10:21:52,10.47,S,1000
10:21:57,10.47,B,200
10:22:00,10.47,B,100
10:22:11,10.47,B,100
10:22:19,10.46,S,100
10:22:24,10.47,B,100
10:22:24,10.47,B,900
10:22:25,10.47,B,5000
10:22:35,10.46,S,900
10:22:48,10.47,B,200
10:22:49,10.46,S,2000
10:22:54,10.47,B,500
10:22:58,10.47,B,4200
10:22:58,10.47,B,100
10:22:59,10.47,B,3396
10:22:59,10.47,B,1000
10:22:59,10.47,B,100
10:22:59,10.47,B,504
10:22:59,10.46,S,100
10:22:59,10.47,B,100
10:23:00,10.47,B,1396
10:23:10,10.47,S,3500
10:23:15,10.47,S,300
10:23:20,10.48,B,200
10:23:22,10.47,S,1000
10:23:25,10.48,B,1100
10:23:25,10.48,B,900
10:23:29,10.48,B,100
10:23:42,10.48,B,1000
10:23:44,10.48,B,300
10:23:44,10.48,B,900
10:23:44,10.48,B,500
10:23:44,10.48,B,1000
10:23:44,10.48,B,400
10:23:49,10.48,S,900
10:23:50,10.48,S,100
10:23:51,10.48,S,100
10:23:56,10.48,S,500
10:24:01,10.49,B,300
10:24:01,10.48,S,200
10:24:01,10.48,S,100
10:24:01,10.48,S,100
10:24:01,10.48,S,2700
10:24:13,10.48,S,600
10:24:13,10.49,B,300
10:24:13,10.48,S,700
10:24:18,10.48,S,2600
10:24:20,10.48,S,5000
10:24:27,10.48,S,7700
10:24:27,10.48,S,1000
10:24:27,10.48,S,1600
10:24:27,10.48,S,100
10:24:27,10.48,S,6500
10:24:27,10.48,S,100
10:24:28,10.48,S,1400
10:24:30,10.48,B,300
10:24:30,10.49,B,700
10:24:32,10.48,B,1000
10:24:35,10.48,B,200
10:24:38,10.48,B,500
10:24:42,10.48,B,200
10:24:52,10.48,B,800
10:24:52,10.48,B,200
10:24:52,10.48,B,2500
10:24:59,10.48,B,200
10:25:01,10.47,S,500
10:25:02,10.47,S,500
10:25:03,10.48,B,300
10:25:03,10.48,B,200
10:25:05,10.48,B,200
10:25:09,10.48,B,2500
10:25:12,10.48,B,600
10:25:13,10.48,B,700
10:25:18,10.48,B,3000
10:25:22,10.48,B,200
10:25:26,10.48,B,2900
10:25:27,10.48,B,3000
10:25:28,10.47,S,2500
10:25:30,10.47,S,304
10:25:30,10.47,S,1800
10:25:30,10.47,S,300
10:25:30,10.47,S,596
10:25:33,10.48,B,300
10:25:46,10.47,S,100
10:25:49,10.48,B,1100
10:26:05,10.47,S,104
10:26:05,10.47,S,1000
10:26:05,10.47,S,4800
10:26:05,10.47,S,4000
10:26:05,10.47,S,500
10:26:05,10.47,S,300
10:26:05,10.47,S,900
10:26:05,10.47,S,300
10:26:05,10.47,S,100
10:26:05,10.47,B,300
10:26:10,10.47,B,500
10:26:10,10.47,B,1000
10:26:12,10.47,B,296
10:26:12,10.47,B,204
10:26:18,10.47,B,2400
10:26:20,10.46,S,500
10:26:24,10.46,S,1000
10:26:24,10.46,S,500
10:26:34,10.47,B,200
10:26:34,10.46,S,300
10:26:35,10.46,S,1400
10:26:38,10.47,B,1000
10:26:42,10.47,B,300
10:26:44,10.46,S,2900
10:26:44,10.46,S,100
10:26:45,10.47,B,5300
10:26:47,10.47,B,3400
10:26:58,10.46,S,100
10:27:00,10.46,S,600
10:27:00,10.46,S,1000
10:27:00,10.46,S,100
10:27:00,10.46,S,300
10:27:00,10.46,S,4700
10:27:00,10.46,S,300
10:27:03,10.46,S,200
10:27:03,10.46,S,400
10:27:03,10.46,S,400
10:27:05,10.47,B,2196
10:27:05,10.47,B,5000
10:27:05,10.47,B,300
10:27:05,10.47,B,1300
10:27:05,10.47,B,300
10:27:05,10.47,B,1304
10:27:10,10.47,B,3496
10:27:14,10.47,S,500
10:27:15,10.47,S,1000
10:27:18,10.47,S,400
10:27:22,10.47,S,3100
10:27:28,10.48,B,100
10:27:29,10.47,S,1504
10:27:29,10.47,S,196
10:27:31,10.47,S,500
10:27:36,10.47,S,304
10:27:36,10.47,S,1596
10:27:37,10.47,S,3404
10:27:37,10.47,S,100
10:27:37,10.47,S,1000
10:27:40,10.47,B,496
10:27:44,10.47,S,1200
10:27:46,10.48,B,2000
10:27:47,10.48,B,2500
10:27:47,10.48,B,1700
10:27:47,10.48,B,800
10:27:47,10.47,S,3704
10:27:47,10.47,S,5000
10:27:52,10.47,B,1296
10:27:52,10.48,B,704
10:27:59,10.47,B,400
10:28:02,10.47,B,100
10:28:03,10.47,S,300
10:28:09,10.47,S,3200
10:28:09,10.47,S,1400
10:28:09,10.47,S,900
10:28:10,10.47,B,400
10:28:13,10.46,S,1400
10:28:15,10.47,B,900
10:28:18,10.46,S,2000
10:28:24,10.47,B,900
10:28:24,10.46,S,2000
10:28:25,10.47,B,4000
10:28:26,10.47,B,1400
10:28:33,10.47,B,200
10:28:36,10.47,B,600
10:28:37,10.47,B,4000
10:28:37,10.47,B,10000
10:28:39,10.47,S,800
10:28:41,10.47,S,1100
10:28:44,10.46,S,4200
10:28:44,10.46,S,3900
10:28:45,10.46,S,600
10:28:49,10.47,B,100
10:28:50,10.46,S,500
10:28:50,10.46,S,7400
10:28:58,10.46,S,2000
10:28:58,10.46,S,2000
10:28:58,10.46,S,4800
10:28:59,10.46,B,200
10:29:05,10.46,S,100
10:29:20,10.47,B,500
10:29:20,10.47,B,500
10:29:23,10.47,B,600
10:29:23,10.47,B,400
10:29:23,10.47,B,1000
10:29:27,10.46,S,700
10:29:27,10.46,S,200
10:29:27,10.46,S,500
10:29:27,10.46,S,1000
10:29:27,10.46,S,100
10:29:27,10.46,S,500
10:29:32,10.47,B,100
10:29:37,10.46,S,500
10:29:40,10.46,S,300
10:29:46,10.47,B,400
10:29:46,10.47,B,1600
10:29:46,10.47,B,2400
10:29:46,10.47,B,2600
10:29:47,10.47,B,2500
10:29:47,10.46,S,1600
10:29:47,10.47,B,300
10:29:47,10.47,B,500
10:29:47,10.47,B,200
10:29:52,10.46,S,100
10:29:58,10.47,B,400
10:29:58,10.47,B,1100
10:29:58,10.47,B,1300
10:29:58,10.46,S,700
10:29:59,10.46,S,1000
10:30:07,10.46,S,5000
10:30:08,10.46,S,1200
10:30:10,10.47,B,200
10:30:14,10.47,B,200
10:30:14,10.46,S,3900
10:30:15,10.46,S,400
10:30:20,10.47,B,3300
10:30:20,10.47,B,6700
10:30:23,10.47,B,100
10:30:23,10.47,B,9496
10:30:23,10.47,B,1000
10:30:23,10.47,B,500
10:30:23,10.47,B,1500
10:30:23,10.47,B,2000
10:30:23,10.47,S,100
10:30:25,10.47,S,5404
10:30:25,10.47,S,2000
10:30:25,10.46,S,2596
10:30:32,10.46,S,1200
10:30:33,10.47,B,200
10:30:37,10.47,B,1500
10:30:37,10.47,B,200
10:30:39,10.47,S,200
10:30:46,10.47,S,7400
10:30:46,10.47,S,100
10:30:46,10.47,S,100
10:30:47,10.47,B,900
10:30:50,10.47,B,500
10:30:52,10.47,B,1000
10:30:52,10.48,B,500
10:30:52,10.48,B,1400
10:30:52,10.48,B,9500
10:30:52,10.48,B,5000
10:30:52,10.48,B,1000
10:30:52,10.48,B,500
10:30:52,10.48,B,1100
10:30:53,10.47,S,1000
10:30:54,10.46,S,28704
10:30:54,10.46,S,1000
10:30:54,10.46,S,3896
10:31:03,10.47,B,500
10:31:03,10.47,B,5000
10:31:05,10.48,B,200
10:31:13,10.48,B,100
10:31:14,10.47,S,1900
10:31:15,10.47,S,400
10:31:17,10.47,S,500
10:31:21,10.48,B,1000
10:31:25,10.48,B,8800
10:31:25,10.48,B,1200
10:31:27,10.48,B,500
10:31:29,10.47,S,100
10:31:31,10.48,B,100
10:31:31,10.48,B,800
10:31:31,10.48,B,500
10:31:31,10.49,B,7600
10:31:36,10.48,S,2000
10:31:46,10.48,S,200
10:31:46,10.48,S,1000
10:31:46,10.48,S,400
10:31:46,10.47,S,2100
10:31:46,10.47,S,300
10:31:57,10.48,S,1000
10:32:01,10.49,B,800
10:32:07,10.49,B,10000
10:32:10,10.49,B,1000
10:32:12,10.48,S,300
10:32:12,10.47,S,1700
10:32:12,10.47,S,4900
10:32:17,10.49,B,1700
10:32:17,10.49,B,1000
10:32:17,10.49,B,5900
10:32:34,10.48,S,1700
10:32:39,10.49,B,500
10:32:44,10.49,B,3600
10:32:44,10.49,B,3400
10:32:44,10.49,B,3000
10:32:49,10.49,B,200
10:32:54,10.49,B,6800
10:32:54,10.49,B,600
10:32:54,10.49,B,500
10:32:54,10.49,B,500
10:32:57,10.49,S,100
10:33:00,10.49,S,600
10:33:03,10.49,S,2900
10:33:05,10.49,S,1000
10:33:09,10.49,S,200
10:33:09,10.49,B,4800
10:33:09,10.5,B,6700
10:33:09,10.5,B,500
10:33:09,10.5,B,1000
10:33:09,10.5,B,1000
10:33:09,10.5,B,200
10:33:09,10.5,B,600
10:33:09,10.5,B,600
10:33:09,10.5,B,900
10:33:09,10.5,B,100
10:33:09,10.5,B,600
10:33:09,10.5,B,100
10:33:09,10.5,B,1500
10:33:13,10.5,B,100
10:33:16,10.49,B,600
10:33:33,10.49,S,600
10:33:37,10.49,B,100
10:33:37,10.5,B,2900
10:33:40,10.5,B,1400
10:33:40,10.5,B,200
10:33:40,10.5,B,1000
10:33:40,10.5,B,1800
10:33:42,10.49,S,200
10:33:42,10.5,B,200
10:33:42,10.5,B,900
10:33:45,10.5,B,1000
10:33:47,10.5,B,1000
10:33:49,10.5,B,1000
10:34:02,10.5,B,1100
10:34:02,10.5,B,2000
10:34:02,10.5,B,2000
10:34:02,10.5,B,400
10:34:02,10.5,B,1700
10:34:02,10.5,B,2500
10:34:02,10.5,B,300
10:34:04,10.5,B,800
10:34:04,10.5,B,800
10:34:04,10.5,B,700
10:34:04,10.5,B,900
10:34:04,10.5,B,500
10:34:04,10.5,B,1000
10:34:04,10.5,B,300
10:34:07,10.5,B,700
10:34:07,10.5,B,600
10:34:13,10.5,B,100
10:34:13,10.5,B,900
10:34:25,10.5,B,100
10:34:25,10.5,B,200
10:34:25,10.5,B,1900
10:34:25,10.5,B,400
10:34:25,10.5,B,100
10:34:25,10.5,B,100
10:34:25,10.5,B,1000
10:34:25,10.5,B,900
10:34:25,10.5,B,300
10:34:25,10.5,B,900
10:34:25,10.5,B,200
10:34:27,10.5,B,400
10:34:32,10.49,S,800
10:34:34,10.49,S,100
10:34:36,10.5,B,200
10:34:37,10.5,B,1200
10:34:37,10.5,B,200
10:34:37,10.5,B,100
10:34:37,10.5,B,9800
10:34:41,10.5,B,400
10:34:41,10.5,B,200
10:34:44,10.5,B,200
10:34:49,10.5,B,25500
10:34:51,10.5,B,1900
10:34:54,10.5,B,1000
10:34:55,10.5,B,2000
10:34:55,10.5,B,22400
10:34:58,10.49,S,800
10:34:58,10.49,S,200
10:35:00,10.49,S,100
10:35:00,10.49,S,4000
10:35:00,10.49,S,1300
10:35:00,10.49,S,4000
10:35:00,10.49,S,500
10:35:00,10.49,S,3000
10:35:03,10.49,B,600
10:35:10,10.49,B,500
10:35:12,10.49,B,400
10:35:13,10.49,B,1500
10:35:13,10.49,B,800
10:35:13,10.5,B,2700
10:35:17,10.48,S,2000
10:35:20,10.49,B,400
10:35:20,10.49,B,200
10:35:20,10.49,B,2000
10:35:22,10.49,B,2000
10:35:25,10.49,B,1000
10:35:27,10.49,B,1600
10:35:27,10.49,B,400
10:35:29,10.48,S,400
10:35:30,10.49,B,300
10:35:32,10.49,B,2000
10:35:34,10.49,S,100
10:35:35,10.49,S,600
10:35:39,10.49,S,500
10:35:45,10.49,S,1000
10:35:46,10.49,S,400
10:35:48,10.49,S,2500
10:35:50,10.49,S,500
10:35:51,10.49,S,1600
10:35:51,10.49,S,100
10:35:51,10.49,S,2300
10:35:51,10.48,S,700
10:35:51,10.48,S,200
10:35:51,10.48,S,500
10:36:02,10.49,B,1000
10:36:03,10.49,B,300
10:36:14,10.48,S,400
10:36:14,10.48,S,3900
10:36:14,10.48,S,500
10:36:14,10.48,S,400
10:36:14,10.48,S,500
10:36:14,10.48,S,100
10:36:15,10.48,B,1100
10:36:17,10.48,B,500
10:36:19,10.48,B,200
10:36:22,10.48,B,1000
10:36:43,10.48,B,5000
10:36:45,10.48,B,100
10:36:46,10.47,S,1000
10:36:55,10.47,S,100
10:36:55,10.47,S,1100
10:36:55,10.47,S,900
10:36:55,10.47,S,100
10:36:55,10.47,S,400
10:36:55,10.47,S,200
10:36:55,10.47,S,500
10:36:58,10.48,B,200
10:37:05,10.48,B,4000
10:37:06,10.48,B,1000
10:37:15,10.47,S,300
10:37:16,10.48,B,1100
10:37:18,10.48,B,700
10:37:18,10.47,S,300
10:37:18,10.48,B,100
10:37:19,10.48,B,300
10:37:25,10.48,B,8900
10:37:25,10.48,B,3800
10:37:25,10.49,B,600
10:37:25,10.49,B,1500
10:37:25,10.49,B,300
10:37:25,10.49,B,2600
10:37:25,10.5,B,2700
10:37:25,10.47,S,300
10:37:29,10.48,S,200
10:37:29,10.48,S,700
10:37:33,10.48,S,500
10:37:33,10.48,S,500
10:37:40,10.48,S,2100
10:37:40,10.48,S,400
10:37:40,10.48,S,100
10:37:40,10.48,S,400
10:37:40,10.48,S,2000
10:37:41,10.48,S,200
10:37:42,10.49,B,300
10:37:43,10.48,S,400
10:37:49,10.47,S,600
10:37:49,10.47,S,1000
10:37:49,10.47,S,1000
10:37:49,10.47,S,800
10:37:51,10.48,B,100
10:37:51,10.49,B,100
10:37:52,10.47,S,200
10:37:52,10.47,S,100
10:38:29,10.47,S,1200
10:38:29,10.47,S,100
10:38:29,10.47,S,1000
10:38:29,10.47,S,700
10:38:32,10.48,B,100
10:38:32,10.48,B,1500
10:38:32,10.48,B,800
10:38:32,10.48,B,1000
10:38:32,10.48,B,500
10:38:34,10.49,B,500
10:38:40,10.48,S,3800
10:38:58,10.49,B,400
10:39:09,10.49,B,300
10:39:09,10.49,B,1000
10:39:09,10.49,B,900
10:39:09,10.49,B,900
10:39:15,10.49,S,1000
10:39:15,10.49,S,3000
10:39:30,10.49,S,300
10:39:31,10.5,B,5900
10:39:31,10.5,B,3000
10:39:31,10.5,B,3900
10:39:31,10.5,B,1300
10:39:31,10.5,B,500
10:39:31,10.5,B,1000
10:39:31,10.5,B,500
10:39:31,10.5,B,3900
10:39:34,10.49,S,500
10:39:34,10.49,S,100
10:39:35,10.5,B,600
10:39:37,10.5,B,300
10:39:43,10.49,S,500
10:39:48,10.49,S,400
10:39:51,10.49,S,1000
10:39:53,10.5,B,100
10:39:55,10.5,B,1000
10:39:55,10.49,S,100
10:39:55,10.49,S,900
10:40:03,10.5,B,500
10:40:12,10.49,S,100
10:40:12,10.49,S,400
10:40:14,10.49,S,3000
10:40:14,10.5,B,1000
10:40:15,10.49,S,1000
10:40:15,10.5,B,500
10:40:15,10.5,B,400
10:40:15,10.5,B,2500
10:40:15,10.5,B,1000
10:40:15,10.5,B,1000
10:40:15,10.5,B,1100
10:40:20,10.49,S,2400
10:40:20,10.49,S,500
10:40:20,10.49,S,100
10:40:26,10.5,B,300
10:40:26,10.5,B,1000
10:40:26,10.5,B,1500
10:40:26,10.5,B,500
10:40:26,10.5,B,3500
10:40:29,10.49,S,1200
10:40:29,10.49,S,3600
10:40:29,10.49,S,3000
10:40:29,10.49,S,1500
10:40:29,10.49,S,1500
10:40:36,10.49,B,500
10:40:37,10.49,B,2000
10:40:39,10.49,B,100
10:40:47,10.49,B,600
10:40:50,10.48,S,200
10:40:50,10.49,B,1000
10:40:54,10.5,B,1500
10:40:54,10.5,B,1500
10:41:00,10.49,S,200
10:41:00,10.49,S,1000
10:41:07,10.49,S,2200
10:41:08,10.49,S,200
10:41:22,10.49,S,1100
10:41:22,10.49,S,400
10:41:27,10.49,S,200
10:41:35,10.49,S,200
10:41:35,10.49,S,1000
10:41:35,10.49,S,300
10:41:35,10.49,S,2000
10:41:35,10.49,S,200
10:41:42,10.49,B,600
10:41:56,10.48,S,17400
10:41:57,10.49,B,1000
10:41:58,10.49,B,700
10:42:00,10.49,B,4000
10:42:02,10.49,B,600
10:42:02,10.49,B,300
10:42:08,10.49,S,100
10:42:08,10.49,S,2000
10:42:08,10.49,S,300
10:42:12,10.49,B,200
10:42:14,10.49,B,400
10:42:19,10.49,S,1500
10:42:19,10.49,S,3100
10:42:21,10.49,B,100
10:42:23,10.49,B,300
10:42:23,10.49,B,500
10:42:30,10.49,B,100
10:42:30,10.49,B,800
10:42:37,10.49,B,2100
10:42:43,10.48,S,100
10:42:44,10.49,B,4800
10:42:44,10.49,B,1000
10:42:44,10.5,B,4200
10:42:57,10.49,S,700
10:42:57,10.49,S,5000
10:42:57,10.49,S,2000
10:42:57,10.49,S,2300
10:43:04,10.5,B,1200
10:43:04,10.5,B,4800
10:43:10,10.5,B,1000
10:43:17,10.5,B,100
10:43:20,10.49,S,400
10:43:20,10.49,S,200
10:43:20,10.49,S,300
10:43:32,10.5,B,2000
10:43:32,10.5,B,10000
10:43:36,10.5,B,1000
10:43:37,10.5,B,2100
10:43:37,10.5,B,800
10:43:42,10.5,B,100
10:43:43,10.49,S,200
10:43:44,10.49,S,300
10:43:44,10.49,S,3700
10:43:45,10.49,S,100
10:43:48,10.5,B,900
10:43:48,10.49,S,100
10:43:51,10.49,S,3800
10:43:53,10.49,S,1000
10:43:55,10.49,S,200
10:44:14,10.5,B,3000
10:44:17,10.5,B,200
10:44:17,10.5,B,500
10:44:17,10.5,B,200
10:44:17,10.5,B,100
10:44:22,10.49,S,400
10:44:31,10.5,B,100
10:44:31,10.5,B,400
10:44:39,10.5,B,1700
10:44:39,10.5,B,1300
10:44:41,10.5,B,700
10:44:41,10.5,B,1000
10:44:41,10.5,B,500
10:44:41,10.5,B,500
10:44:49,10.49,S,100
10:44:52,10.5,B,800
10:44:52,10.5,B,200
10:45:01,10.5,B,800
10:45:01,10.5,B,200
10:45:06,10.49,S,600
10:45:06,10.49,S,3100
10:45:06,10.49,S,2000
10:45:06,10.49,S,500
10:45:06,10.49,S,1300
10:45:06,10.49,S,3000
10:45:06,10.49,S,1000
10:45:06,10.49,S,10000
10:45:06,10.49,S,1000
10:45:06,10.49,S,3000
10:45:06,10.49,S,2200
10:45:06,10.49,S,6100
10:45:06,10.49,S,1300
10:45:06,10.49,S,2000
10:45:06,10.49,S,1000
10:45:06,10.49,S,3500
10:45:06,10.49,S,500
10:45:07,10.49,B,3500
10:45:07,10.49,B,200
10:45:08,10.49,B,4200
10:45:09,10.49,B,500
10:45:12,10.49,B,1200
10:45:14,10.49,B,500
10:45:24,10.49,B,3400
10:45:24,10.49,B,1000
10:45:24,10.5,B,100
10:45:24,10.5,B,100
10:45:24,10.5,B,100
10:45:30,10.49,S,100
10:45:39,10.49,S,4100
10:45:39,10.49,S,400
10:45:40,10.49,S,1700
10:45:40,10.49,S,1000
10:45:40,10.49,S,6100
10:45:40,10.49,S,1000
10:45:40,10.49,S,1900
10:45:40,10.49,S,1000
10:45:40,10.49,S,2000
10:45:41,10.49,B,500
10:45:46,10.49,B,600
10:45:48,10.49,B,4100
10:45:48,10.5,B,500
10:45:48,10.5,B,500
10:45:48,10.5,B,200
10:45:48,10.5,B,200
10:45:48,10.5,B,100
10:45:48,10.5,B,3100
10:45:48,10.5,B,100
10:45:48,10.5,B,1000
10:45:48,10.5,B,200
10:45:48,10.5,B,10000
10:45:48,10.5,B,3300
10:45:48,10.5,B,2800
10:45:48,10.5,B,200
10:45:48,10.5,B,1000
10:45:48,10.5,B,4000
10:45:48,10.5,B,400
10:45:48,10.5,B,100
10:45:48,10.5,B,1000
10:45:48,10.5,B,9200
10:45:48,10.5,B,500
10:45:48,10.5,B,500
10:45:48,10.5,B,1500
10:45:48,10.5,B,1000
10:45:48,10.5,B,100
10:45:48,10.5,B,300
10:45:48,10.5,B,400
10:45:48,10.5,B,4600
10:45:48,10.5,B,500
10:45:48,10.5,B,1500
10:45:48,10.5,B,100
10:45:48,10.5,B,2000
10:45:50,10.5,S,400
10:45:53,10.51,B,1000
10:45:53,10.51,B,900
10:45:54,10.5,S,9600
10:45:54,10.49,S,5400
10:45:59,10.49,S,400
10:46:02,10.49,S,1100
10:46:02,10.49,S,500
10:46:04,10.5,B,1300
10:46:09,10.49,S,300
10:46:12,10.49,S,1000
10:46:23,10.5,B,300
10:46:23,10.5,B,200
10:46:23,10.5,B,300
10:46:23,10.5,B,3600
10:46:23,10.5,B,400
10:46:23,10.5,B,1000
10:46:23,10.5,B,2000
10:46:23,10.5,S,3700
10:46:24,10.51,B,100
10:46:24,10.51,B,1000
10:46:24,10.51,B,700
10:46:28,10.5,S,1900
10:46:31,10.5,S,100
10:46:35,10.5,S,1000
10:46:36,10.5,S,100
10:46:38,10.5,S,200
10:46:40,10.51,B,1400
10:46:47,10.5,S,200
10:46:52,10.51,B,1400
10:46:55,10.51,B,4100
10:46:55,10.51,B,300
10:46:56,10.5,S,100
10:46:56,10.5,S,100
10:46:56,10.5,S,300
10:46:59,10.51,B,100
10:46:59,10.51,B,100
10:46:59,10.51,B,2000
10:46:59,10.51,B,100
10:46:59,10.51,B,700
10:46:59,10.51,B,200
10:46:59,10.51,B,900
10:47:04,10.51,B,100
10:47:04,10.51,B,100
10:47:04,10.51,B,300
10:47:07,10.51,B,1500
10:47:11,10.51,B,600
10:47:11,10.51,B,500
10:47:11,10.51,B,6500
10:47:14,10.51,B,600
10:47:14,10.51,B,400
10:47:14,10.51,B,200
10:47:14,10.51,B,1000
10:47:14,10.51,B,1000
10:47:14,10.51,B,200
10:47:14,10.51,B,2900
10:47:20,10.51,B,2100
10:47:20,10.51,B,100
10:47:20,10.51,B,500
10:47:20,10.51,B,500
10:47:20,10.51,B,100
10:47:20,10.51,B,100
10:47:21,10.51,S,600
10:47:21,10.5,S,4700
10:47:21,10.5,S,4700
10:47:27,10.52,B,1000
10:47:27,10.52,B,400
10:47:27,10.52,B,2000
10:47:27,10.52,B,1600
10:47:31,10.51,S,1000
10:47:31,10.5,S,2000
10:47:34,10.52,B,500
10:47:38,10.51,S,100
10:47:38,10.51,S,800
10:47:44,10.51,S,200
10:47:44,10.51,S,300
10:47:44,10.51,S,1100
10:47:48,10.51,S,900
10:47:48,10.51,S,300
10:47:50,10.52,B,1300
10:47:54,10.52,B,1000
10:47:57,10.52,B,6100
10:47:57,10.52,B,1000
10:47:57,10.52,B,200
10:47:57,10.52,B,1000
10:47:57,10.52,B,100
10:47:57,10.52,B,1600
10:47:58,10.52,B,700
10:47:59,10.52,B,700
10:47:59,10.52,B,1000
10:47:59,10.52,B,3000
10:47:59,10.52,B,300
10:48:04,10.52,B,200
10:48:04,10.52,B,5000
10:48:05,10.51,S,1000
10:48:08,10.52,B,100
10:48:08,10.52,B,400
10:48:08,10.52,B,600
10:48:09,10.52,B,400
10:48:09,10.52,B,1000
10:48:10,10.52,B,1000
10:48:22,10.51,S,300
10:48:24,10.52,B,100
10:48:27,10.51,S,5000
10:48:36,10.51,S,300
10:48:42,10.51,S,200
10:48:45,10.51,S,1000
10:48:46,10.52,B,1000
10:48:50,10.52,B,100
10:48:56,10.51,S,100
10:49:03,10.51,S,1800
10:49:03,10.51,S,200
10:49:05,10.52,B,100
10:49:06,10.52,B,700
10:49:10,10.51,S,500
10:49:10,10.51,S,2000
10:49:10,10.51,S,500
10:49:15,10.51,S,500
10:49:18,10.52,B,1200
10:49:19,10.52,B,1100
10:49:19,10.52,B,200
10:49:19,10.52,B,1000
10:49:19,10.52,B,800
10:49:19,10.52,B,200
10:49:19,10.52,B,1000
10:49:19,10.52,B,100
10:49:19,10.52,B,100
10:49:19,10.52,B,500
10:49:22,10.52,B,200
10:49:25,10.52,B,4300
10:49:25,10.52,B,500
10:49:25,10.53,B,600
10:49:25,10.53,B,1300
10:49:25,10.53,B,3300
10:49:29,10.51,S,500
10:49:29,10.51,S,500
10:49:31,10.52,B,500
10:49:31,10.52,B,400
10:49:32,10.52,B,700
10:49:37,10.52,B,300
10:49:38,10.52,B,5000
10:49:39,10.52,B,5000
10:49:39,10.51,S,1500
10:49:39,10.51,S,1300
10:49:39,10.51,S,200
10:49:40,10.52,B,800
10:49:45,10.52,B,100
10:49:56,10.51,S,1000
10:50:01,10.52,B,700
10:50:03,10.52,B,700
10:50:05,10.51,S,300
10:50:05,10.52,B,1000
10:50:11,10.52,B,1500
10:50:13,10.52,B,3000
10:50:17,10.52,B,2300
10:50:17,10.51,S,1200
10:50:17,10.51,S,1200
10:50:17,10.51,S,200
10:50:17,10.52,B,7800
10:50:29,10.51,S,600
10:50:36,10.52,B,700
10:50:38,10.52,B,10000
10:50:49,10.52,B,200
10:50:50,10.52,B,10000
10:50:52,10.51,S,100
10:50:53,10.52,B,500
10:50:57,10.52,B,4400
10:50:57,10.52,B,4000
10:50:57,10.52,B,200
10:50:57,10.52,B,1500
10:50:57,10.52,B,1400
10:50:57,10.52,B,700
10:51:01,10.51,S,1100
10:51:01,10.51,S,1900
10:51:02,10.51,S,1700
10:51:02,10.51,S,7900
10:51:02,10.51,S,100
10:51:05,10.52,B,300
10:51:06,10.52,S,1800
10:51:07,10.52,B,1700
10:51:11,10.52,S,900
10:51:14,10.53,B,700
10:51:14,10.53,B,4000
10:51:19,10.52,S,1000
10:51:22,10.52,S,100
10:51:27,10.52,S,100
10:51:31,10.53,B,7300
10:51:31,10.53,B,1000
10:51:31,10.53,B,100
10:51:31,10.53,B,600
10:51:31,10.52,S,500
10:51:32,10.52,S,100
10:51:32,10.52,S,1000
10:51:33,10.53,B,300
10:51:33,10.53,B,600
10:51:33,10.53,B,100
10:51:34,10.52,S,5100
10:51:45,10.52,S,100
10:51:49,10.52,S,1300
10:51:50,10.52,S,1000
10:51:51,10.52,S,1000
10:51:53,10.53,B,300
10:52:03,10.53,B,1500
10:52:06,10.52,S,1000
10:52:06,10.52,S,200
10:52:06,10.52,S,1500
10:52:07,10.52,S,400
10:52:07,10.52,S,500
10:52:08,10.53,B,400
10:52:08,10.52,S,200
10:52:09,10.52,S,800
10:52:09,10.52,S,1000
10:52:09,10.52,S,100
10:52:09,10.52,S,300
10:52:12,10.52,B,100
10:52:14,10.52,B,1000
10:52:19,10.53,B,1100
10:52:19,10.53,B,1100
10:52:31,10.53,B,100
10:52:35,10.53,B,400
10:52:39,10.52,S,200
10:52:44,10.53,B,600
10:52:47,10.52,S,100
10:52:47,10.52,S,100
10:52:49,10.52,S,500
10:52:49,10.53,B,4500
10:52:49,10.53,B,200
10:52:49,10.53,B,500
10:52:49,10.53,B,2000
10:52:49,10.53,B,300
10:52:49,10.53,B,1000
10:52:49,10.53,B,100
10:52:49,10.53,B,300
10:52:49,10.53,B,100
10:52:50,10.53,B,1400
10:52:50,10.53,B,1000
10:52:50,10.53,B,1000
10:52:50,10.53,B,300
10:52:50,10.53,B,1000
10:53:01,10.53,S,1000
10:53:06,10.53,S,400
10:53:07,10.54,B,500
10:53:07,10.54,B,100
10:53:07,10.54,B,200
10:53:07,10.54,B,1200
10:53:10,10.53,S,800
10:53:12,10.53,S,1000
10:53:12,10.53,S,1000
10:53:12,10.53,S,200
10:53:12,10.53,S,500
10:53:12,10.53,S,300
10:53:14,10.54,B,600
10:53:15,10.53,S,200
10:53:22,10.54,B,200
10:53:28,10.54,B,600
10:53:29,10.53,S,100
10:53:29,10.53,S,900
10:53:29,10.54,B,400
10:53:29,10.54,B,1800
10:53:29,10.54,B,1000
10:53:29,10.54,B,100
10:53:29,10.54,B,500
10:53:39,10.53,S,200
10:53:44,10.54,B,3100
10:53:44,10.54,B,900
10:53:53,10.54,B,4100
10:53:53,10.54,B,2200
10:53:53,10.54,B,100
10:53:53,10.54,B,1200
10:53:53,10.54,B,1000
10:53:53,10.54,B,1000
10:53:53,10.54,B,10000
10:53:53,10.54,B,1000
10:53:53,10.54,B,6000
10:54:02,10.54,S,1700
10:54:02,10.54,S,100
10:54:03,10.54,S,600
10:54:03,10.54,S,1000
10:54:05,10.55,B,1000
10:54:05,10.55,B,800
10:54:05,10.55,B,500
10:54:05,10.55,B,500
10:54:05,10.55,B,1000
10:54:05,10.55,B,500
10:54:05,10.55,B,200
10:54:05,10.55,B,1000
10:54:05,10.55,B,500
10:54:05,10.55,B,2000
10:54:05,10.55,B,900
10:54:05,10.55,B,3800
10:54:10,10.54,S,300
10:54:10,10.54,S,500
10:54:10,10.54,S,1200
10:54:12,10.54,S,500
10:54:16,10.54,S,900
10:54:16,10.54,S,200
10:54:21,10.54,S,100
10:54:22,10.54,S,300
10:54:22,10.54,S,700
10:54:22,10.55,B,200
10:54:26,10.55,B,900
10:54:32,10.54,S,300
10:54:32,10.54,S,100
10:54:32,10.54,B,600
10:54:32,10.55,B,100
10:54:32,10.55,B,1300
10:54:35,10.54,B,100
10:54:42,10.54,B,1400
10:54:42,10.55,B,700
10:54:42,10.55,B,900
10:54:45,10.55,B,100
10:54:45,10.55,B,100
10:54:45,10.55,B,100
10:54:45,10.55,B,1600
10:54:49,10.55,B,400
10:54:50,10.55,B,2000
10:54:53,10.54,S,200
10:54:55,10.55,B,500
10:54:56,10.55,B,300
10:55:10,10.55,B,200
10:55:10,10.55,B,100
10:55:10,10.55,B,100
10:55:14,10.55,B,1000
10:55:14,10.55,B,200
10:55:14,10.54,S,400
10:55:16,10.54,S,200
10:55:16,10.54,S,300
10:55:21,10.54,S,700
10:55:21,10.54,S,200
10:55:21,10.55,B,3000
10:55:21,10.55,B,200
10:55:22,10.55,B,500
10:55:22,10.55,B,100
10:55:22,10.55,B,200
10:55:22,10.55,B,1000
10:55:22,10.55,B,800
10:55:22,10.55,B,2000
10:55:22,10.55,B,100
10:55:22,10.55,B,300
10:55:24,10.55,B,1000
10:55:39,10.54,S,300
10:55:39,10.54,S,2700
10:55:39,10.54,S,1000
10:55:42,10.54,S,1000
10:55:42,10.54,S,1000
10:55:42,10.54,S,100
10:55:43,10.55,B,800
10:55:48,10.55,B,1000
10:55:48,10.54,S,300
10:55:48,10.54,S,500
10:55:49,10.55,B,500
10:55:50,10.55,B,1000
10:55:54,10.54,S,5400
10:56:01,10.55,B,5000
10:56:03,10.54,S,3000
10:56:05,10.54,S,300
10:56:07,10.55,B,1000
10:56:11,10.55,B,2300
10:56:11,10.55,B,5000
10:56:18,10.54,S,300
10:56:21,10.55,B,800
10:56:24,10.55,B,800
10:56:27,10.54,S,2000
10:56:30,10.55,B,500
10:56:38,10.55,B,5000
10:56:38,10.54,S,500
10:56:44,10.54,S,1700
10:56:45,10.54,S,200
10:56:46,10.55,B,5100
10:56:48,10.54,S,500
10:56:48,10.54,S,500
10:56:55,10.55,B,9900
10:56:55,10.55,B,500
10:56:55,10.55,B,100
10:56:55,10.55,B,500
10:56:55,10.55,B,1500
10:56:55,10.55,B,2000
10:56:55,10.55,B,500
10:56:55,10.55,B,1500
10:56:55,10.55,B,2000
10:56:55,10.55,B,300
10:56:55,10.55,B,1000
10:56:55,10.55,B,1300
10:56:55,10.55,B,10000
10:56:55,10.55,B,1000
10:56:55,10.55,B,8500
10:56:55,10.55,B,4500
10:56:55,10.56,B,2000
10:56:55,10.56,B,2000
10:56:55,10.56,B,10500
10:56:55,10.56,B,100
10:56:55,10.56,B,2000
10:56:55,10.56,B,1200
10:56:55,10.56,B,1000
10:56:55,10.56,B,800
10:56:55,10.56,B,20000
10:56:55,10.56,B,400
10:56:55,10.56,B,400
10:56:55,10.56,B,1100
10:56:55,10.56,B,1700
10:56:55,10.56,B,400
10:56:55,10.56,B,100
10:56:55,10.56,B,800
10:56:55,10.56,B,1000
10:56:55,10.56,B,400
10:56:55,10.57,B,400
10:56:55,10.57,B,6300
10:56:55,10.57,B,400
10:56:55,10.57,B,500
10:56:55,10.57,B,300
10:56:55,10.57,B,2100
10:56:55,10.57,B,100
10:56:55,10.58,B,800
10:56:55,10.58,B,10400
10:56:55,10.58,B,6000
10:56:55,10.58,B,233
10:56:55,10.58,B,5000
10:56:55,10.58,B,300
10:56:55,10.58,B,1100
10:56:55,10.58,B,2000
10:56:55,10.58,B,1000
10:56:55,10.58,B,200
10:56:55,10.58,B,500
10:56:55,10.58,B,2000
10:56:55,10.58,B,200
10:56:55,10.58,B,500
10:56:55,10.58,B,2200
10:56:55,10.59,B,1000
10:56:55,10.59,B,700
10:56:55,10.59,B,3300
10:56:55,10.59,B,300
10:56:55,10.59,B,1000
10:56:55,10.59,B,1500
10:56:55,10.59,B,5100
10:56:55,10.59,B,100
10:56:55,10.59,B,500
10:56:55,10.59,B,20000
10:56:55,10.59,B,1200
10:56:55,10.59,B,2600
10:56:55,10.59,B,2800
10:56:55,10.59,B,1300
10:56:55,10.59,B,500
10:56:55,10.6,B,500
10:56:55,10.6,B,15000
10:56:55,10.6,B,1000
10:56:55,10.6,B,3000
10:56:55,10.6,B,2000
10:56:55,10.6,B,1600
10:56:55,10.6,B,1467
10:56:56,10.54,S,700
10:56:57,10.54,S,500
10:56:58,10.54,S,200
10:57:03,10.55,B,1900
10:57:07,10.56,S,1000
10:57:08,10.6,B,1533
10:57:08,10.6,B,1000
10:57:08,10.6,B,100
10:57:08,10.6,B,300
10:57:08,10.6,B,300
10:57:08,10.6,B,2500
10:57:08,10.6,B,1200
10:57:08,10.6,B,400
10:57:08,10.6,B,1000
10:57:08,10.6,B,1500
10:57:08,10.6,B,1000
10:57:08,10.6,B,1200
10:57:08,10.6,B,2000
10:57:08,10.6,B,100
10:57:08,10.6,B,200
10:57:08,10.6,B,5000
10:57:08,10.6,B,4000
10:57:08,10.6,B,1000
10:57:08,10.6,B,1000
10:57:08,10.6,B,100
10:57:08,10.6,B,1000
10:57:08,10.6,B,400
10:57:08,10.6,B,1000
10:57:08,10.6,B,100
10:57:08,10.6,B,400
10:57:08,10.6,B,600
10:57:08,10.6,B,100
10:57:08,10.6,B,800
10:57:08,10.6,B,200
10:57:08,10.6,B,300
10:57:08,10.6,B,500
10:57:08,10.6,B,1000
10:57:08,10.6,B,100
10:57:08,10.6,B,200
10:57:08,10.61,B,1000
10:57:08,10.61,B,100
10:57:08,10.61,B,2000
10:57:08,10.62,B,400
10:57:08,10.62,B,1500
10:57:08,10.62,B,500
10:57:08,10.62,B,2600
10:57:08,10.62,B,1100
10:57:08,10.62,B,1000
10:57:08,10.63,B,3000
10:57:08,10.63,B,100
10:57:08,10.63,B,6000
10:57:08,10.64,B,3000
10:57:08,10.64,B,200
10:57:08,10.64,B,1000
10:57:08,10.65,B,1000
10:57:08,10.65,B,1000
10:57:08,10.65,B,100
10:57:08,10.65,B,45800
10:57:08,10.65,B,500
10:57:08,10.65,B,7800
10:57:08,10.65,B,1000
10:57:08,10.65,B,1000
10:57:08,10.65,B,38500
10:57:08,10.65,B,100
10:57:08,10.65,B,500
10:57:08,10.65,B,1000
10:57:08,10.65,B,400
10:57:08,10.65,B,200
10:57:08,10.65,B,600
10:57:08,10.65,B,500
10:57:08,10.65,B,300
10:57:08,10.65,B,200
10:57:08,10.65,B,300
10:57:08,10.65,B,5400
10:57:08,10.65,B,200
10:57:08,10.65,B,500
10:57:08,10.65,B,200
10:57:08,10.65,B,1000
10:57:08,10.65,B,2400
10:57:08,10.65,B,400
10:57:08,10.65,B,1500
10:57:08,10.65,B,6000
10:57:08,10.65,B,100
10:57:08,10.66,B,10000
10:57:08,10.66,B,1000
10:57:08,10.66,B,800
10:57:08,10.66,B,1000
10:57:08,10.66,B,100
10:57:08,10.66,B,400
10:57:08,10.67,B,500
10:57:08,10.67,B,500
10:57:08,10.68,B,1100
10:57:08,10.68,B,11500
10:57:08,10.68,B,5700
10:57:08,10.68,B,500
10:57:08,10.68,B,2000
10:57:08,10.68,B,100
10:57:08,10.68,B,3000
10:57:08,10.68,B,1000
10:57:08,10.68,B,1000
10:57:08,10.68,B,100
10:57:08,10.68,B,500
10:57:08,10.68,B,5300
10:57:08,10.68,B,1000
10:57:08,10.68,B,7800
10:57:08,10.68,B,1000
10:57:08,10.68,B,100
10:57:08,10.68,B,1700
10:57:08,10.69,B,300
10:57:08,10.69,B,8800
10:57:08,10.69,B,40400
10:57:08,10.69,B,100
10:57:08,10.69,B,17700
10:57:08,10.69,B,500
10:57:08,10.69,B,367
10:57:09,10.56,S,1700
10:57:10,10.56,S,300
10:57:10,10.55,S,1900
10:57:10,10.55,S,100
10:57:10,10.54,S,500
10:57:14,10.55,S,1000
10:57:14,10.55,S,100
10:57:14,10.54,S,900
10:57:19,10.55,B,100
10:57:19,10.55,B,2600
10:57:22,10.55,S,2000
10:57:23,10.55,S,500
10:57:25,10.55,S,300
10:57:30,10.56,S,200
10:57:38,10.64,B,100
10:57:40,10.64,B,1900
10:57:40,10.64,B,1000
10:57:45,10.64,S,200
10:57:47,10.67,B,1000
10:57:47,10.67,B,500
10:57:47,10.67,B,900
10:57:47,10.68,B,21500
10:57:47,10.68,B,900
10:57:47,10.68,B,2000
10:57:47,10.68,B,70000
10:57:47,10.69,B,3200
10:57:57,10.67,B,1500
10:57:57,10.67,B,5000
10:57:57,10.68,B,42900
10:57:57,10.69,B,600
10:58:01,10.65,B,1300
10:58:04,10.65,B,1000
10:58:06,10.65,B,500
10:58:07,10.64,S,500
10:58:10,10.65,B,2200
10:58:10,10.66,B,17800
10:58:10,10.67,B,200
10:58:10,10.67,B,800
10:58:10,10.67,B,1000
10:58:10,10.67,B,5000
10:58:10,10.68,B,500
10:58:10,10.68,B,77700
10:58:10,10.68,B,2000
10:58:10,10.68,B,800
10:58:10,10.69,B,15833
10:58:10,10.69,B,2000
10:58:10,10.69,B,1900
10:58:10,10.69,B,1700
10:58:10,10.69,B,1000
10:58:10,10.69,B,1000
10:58:10,10.69,B,2000
10:58:10,10.69,B,2000
10:58:10,10.69,B,400
10:58:10,10.69,B,1500
10:58:10,10.69,B,600
10:58:10,10.69,B,2000
10:58:10,10.69,B,7200
10:58:10,10.69,B,7300
10:58:10,10.69,B,2000
10:58:10,10.69,B,3000
10:58:10,10.7,B,3000
10:58:10,10.7,B,1500
10:58:10,10.7,B,5600
10:58:10,10.7,B,2100
10:58:10,10.7,B,5000
10:58:10,10.7,B,3000
10:58:10,10.7,B,500
10:58:10,10.7,B,500
10:58:10,10.7,B,700
10:58:10,10.7,B,300
10:58:10,10.7,B,800
10:58:10,10.7,B,2000
10:58:10,10.7,B,1100
10:58:10,10.7,B,1000
10:58:10,10.7,B,800
10:58:10,10.7,B,800
10:58:10,10.7,B,7000
10:58:10,10.7,B,4000
10:58:10,10.7,B,867
10:58:11,10.64,S,500
10:58:14,10.64,S,1000
10:58:15,10.64,S,1500
10:58:16,10.64,S,900
10:58:16,10.64,S,1500
10:58:17,10.65,B,100
10:58:17,10.67,B,400
10:58:17,10.67,B,6600
10:58:17,10.67,B,2000
10:58:17,10.67,B,10000
10:58:17,10.68,B,1500
10:58:17,10.68,B,500
10:58:17,10.68,B,1700
10:58:17,10.69,B,1000
10:58:17,10.69,B,500
10:58:17,10.7,B,33
10:58:17,10.7,B,1600
10:58:17,10.7,B,1000
10:58:17,10.7,B,200
10:58:17,10.7,B,3367
10:58:18,10.64,S,200
10:58:20,10.67,B,1000
10:58:20,10.68,B,500
10:58:22,10.68,S,1000
10:58:22,10.7,B,1633
10:58:22,10.7,B,600
10:58:22,10.7,B,100
10:58:22,10.7,B,400
10:58:22,10.7,B,100
10:58:22,10.7,B,1500
10:58:22,10.7,B,200
10:58:22,10.7,B,1400
10:58:22,10.7,B,300
10:58:22,10.7,B,67
10:58:23,10.68,S,100
10:58:23,10.68,S,700
10:58:24,10.68,S,500
10:58:24,10.68,S,1000
10:58:25,10.68,S,1000
10:58:25,10.68,S,2400
10:58:26,10.68,S,1800
10:58:26,10.67,S,500
10:58:26,10.65,S,2700
10:58:27,10.65,S,2300
10:58:27,10.65,S,2000
10:58:27,10.65,S,1500
10:58:27,10.65,S,500
10:58:27,10.65,B,200
10:58:30,10.64,S,200
10:58:30,10.65,B,1300
10:58:30,10.64,S,100
10:58:31,10.65,B,2200
10:58:31,10.65,B,1500
10:58:34,10.64,S,200
10:58:34,10.65,B,500
10:58:34,10.67,B,300
10:58:38,10.68,B,500
10:58:38,10.68,B,7300
10:58:38,10.68,B,2500
10:58:38,10.69,B,100
10:58:38,10.69,B,1500
10:58:38,10.69,B,10000
10:58:38,10.69,B,7600
10:58:38,10.69,B,1000
10:58:38,10.69,B,1000
10:58:38,10.7,B,933
10:58:38,10.7,B,300
10:58:38,10.7,B,500
10:58:38,10.7,B,1200
10:58:38,10.7,B,800
10:58:38,10.7,B,200
10:58:38,10.7,B,100
10:58:38,10.7,B,2200
10:58:38,10.7,B,300
10:58:38,10.7,B,1000
10:58:38,10.7,B,500
10:58:38,10.7,B,100
10:58:38,10.7,B,100
10:58:38,10.7,B,100
10:58:38,10.7,B,700
10:58:38,10.7,B,1000
10:58:38,10.7,B,500
10:58:38,10.7,B,3000
10:58:38,10.7,B,3000
10:58:38,10.7,B,300
10:58:38,10.7,B,1300
10:58:38,10.71,B,2000
10:58:38,10.71,B,1000
10:58:38,10.71,B,3000
10:58:38,10.71,B,900
10:58:38,10.72,B,1000
10:58:38,10.72,B,3000
10:58:38,10.72,B,400
10:58:38,10.72,B,1000
10:58:38,10.72,B,900
10:58:38,10.72,B,200
10:58:38,10.72,B,1000
10:58:38,10.72,B,6800
10:58:38,10.73,B,1000
10:58:38,10.73,B,400
10:58:38,10.73,B,1000
10:58:38,10.73,B,2000
10:58:38,10.73,B,1000
10:58:38,10.73,B,7000
10:58:38,10.73,B,1300
10:58:38,10.73,B,1000
10:58:38,10.74,B,10000
10:58:38,10.74,B,5000
10:58:38,10.74,B,500
10:58:38,10.74,B,31300
10:58:38,10.74,B,2500
10:58:38,10.74,B,500
10:58:38,10.74,B,3000
10:58:38,10.74,B,3000
10:58:38,10.74,B,200
10:58:38,10.75,B,3000
10:58:38,10.75,B,200
10:58:38,10.75,B,2000
10:58:38,10.75,B,200
10:58:38,10.75,B,5000
10:58:38,10.75,B,4600
10:58:38,10.75,B,200
10:58:38,10.75,B,1000
10:58:38,10.75,B,2800
10:58:38,10.75,B,200
10:58:38,10.75,B,400
10:58:38,10.75,B,2000
10:58:38,10.75,B,1000
10:58:38,10.75,B,1200
10:58:38,10.75,B,2000
10:58:38,10.75,B,3800
10:58:38,10.75,B,300
10:58:38,10.75,B,10000
10:58:38,10.75,B,2000
10:58:38,10.75,B,1900
10:58:38,10.75,B,2000
10:58:38,10.75,B,1000
10:58:38,10.75,B,1000
10:58:38,10.75,B,1000
10:58:38,10.75,B,2000
10:58:38,10.75,B,100
10:58:38,10.75,B,1000
10:58:38,10.75,B,900
10:58:38,10.75,B,1600
10:58:38,10.75,B,1100
10:58:38,10.75,B,2967
10:58:39,10.67,S,1500
10:58:39,10.7,S,100
10:58:41,10.7,S,400
10:58:42,10.68,S,1900
10:58:43,10.67,S,6000
10:58:46,10.67,S,300
10:58:47,10.67,S,200
10:58:47,10.67,S,1200
10:58:48,10.68,B,600
10:58:49,10.68,B,500
10:58:51,10.67,S,1300
10:58:52,10.67,S,2000
10:58:54,10.68,B,12800
10:58:54,10.68,S,9500
10:58:54,10.67,S,7200
10:58:56,10.67,B,13300
10:58:56,10.69,B,1000
10:58:56,10.69,B,1500
10:58:56,10.69,B,5000
10:58:56,10.69,B,2000
10:58:56,10.7,B,600
10:58:56,10.7,B,2000
10:58:56,10.7,B,400
10:58:56,10.72,B,200
10:58:56,10.74,B,7000
10:58:56,10.75,B,1033
10:58:56,10.75,B,1000
10:58:56,10.75,B,1000
10:58:56,10.75,B,1000
10:58:56,10.75,B,500
10:58:56,10.75,B,1500
10:58:56,10.75,B,10500
10:58:56,10.75,B,1500
10:58:56,10.76,B,500
10:58:56,10.76,B,2700
10:58:56,10.76,B,1000
10:58:56,10.76,B,5000
10:58:56,10.76,B,1000
10:58:56,10.76,B,4000
10:58:56,10.76,B,200
10:58:56,10.76,B,1000
10:58:56,10.77,B,1000
10:58:56,10.77,B,2000
10:58:56,10.77,B,1500
10:58:56,10.77,B,900
10:58:56,10.77,B,800
10:58:56,10.78,B,2000
10:58:56,10.78,B,1000
10:58:56,10.78,B,4900
10:58:56,10.78,B,200
10:58:56,10.78,B,7800
10:58:56,10.78,B,1000
10:58:56,10.78,B,9000
10:58:56,10.78,B,100
10:58:56,10.78,B,300
10:58:56,10.78,B,2000
10:58:56,10.78,B,300
10:58:56,10.78,B,3000
10:58:56,10.78,B,700
10:58:56,10.78,B,2800
10:58:56,10.78,B,300
10:58:56,10.79,B,7000
10:58:56,10.79,B,19000
10:58:56,10.79,B,200
10:58:56,10.79,B,5000
10:58:56,10.79,B,13000
10:58:56,10.79,B,2500
10:58:56,10.79,B,1000
10:58:56,10.79,B,30700
10:58:56,10.79,B,2000
10:58:56,10.79,B,500
10:58:56,10.79,B,1000
10:58:56,10.79,B,1100
10:58:56,10.79,B,500
10:58:56,10.79,B,9000
10:58:56,10.79,B,500
10:58:56,10.79,B,1400
10:58:56,10.79,B,12200
10:58:56,10.79,B,600
10:58:56,10.79,B,10000
10:58:56,10.8,B,400
10:58:56,10.8,B,800
10:58:56,10.8,B,200
10:58:56,10.8,B,200
10:58:56,10.8,B,1700
10:58:56,10.8,B,200
10:58:56,10.8,B,300
10:58:56,10.8,B,1200
10:58:56,10.8,B,7600
10:58:56,10.8,B,500
10:58:56,10.8,B,2100
10:58:56,10.8,B,200
10:58:56,10.8,B,400
10:58:56,10.8,B,4000
10:58:56,10.8,B,9100
10:58:56,10.8,B,1000
10:58:56,10.8,B,2000
10:58:56,10.8,B,300
10:58:56,10.8,B,100
10:58:56,10.8,B,3000
10:58:56,10.8,B,500
10:58:56,10.8,B,1000
10:58:56,10.8,B,100
10:58:56,10.8,B,800
10:58:56,10.8,B,200
10:58:56,10.8,B,300
10:58:56,10.8,B,5000
10:58:56,10.8,B,100
10:58:56,10.8,B,1000
10:58:56,10.8,B,200
10:58:56,10.8,B,300
10:58:56,10.8,B,600
10:58:56,10.8,B,2000
10:58:56,10.8,B,1000
10:58:56,10.8,B,300
10:58:56,10.8,B,1000
10:58:56,10.8,B,300
10:58:56,10.8,B,2000
10:58:56,10.8,B,200
10:58:56,10.8,B,500
10:58:56,10.8,B,1000
10:58:56,10.8,B,5000
10:58:56,10.8,B,5000
10:58:56,10.8,B,1000
10:58:56,10.8,B,100
10:58:56,10.8,B,1000
10:58:56,10.8,B,1500
10:58:56,10.8,B,1000
10:58:56,10.8,B,200
10:58:56,10.8,B,1000
10:58:56,10.8,B,400
10:58:56,10.8,B,500
10:58:56,10.8,B,4367
10:58:56,10.65,S,900
10:58:56,10.65,S,100
10:58:56,10.68,B,1000
10:58:57,10.65,S,400
10:58:57,10.65,S,100
10:58:57,10.65,S,500
10:58:58,10.68,B,800
10:58:58,10.69,B,1500
10:58:58,10.69,B,300
10:58:58,10.69,S,500
10:58:59,10.69,S,2900
10:59:00,10.68,B,1000
10:59:00,10.69,B,100
10:59:01,10.69,S,200
10:59:01,10.69,S,500
10:59:02,10.69,S,2000
10:59:03,10.69,S,500
10:59:03,10.69,S,1000
10:59:05,10.69,S,1000
10:59:05,10.69,S,2000
10:59:06,10.69,S,7300
10:59:06,10.69,S,1900
10:59:06,10.69,S,100
10:59:07,10.69,S,400
10:59:09,10.7,B,200
10:59:10,10.69,S,4000
10:59:10,10.69,S,400
10:59:13,10.7,B,300
10:59:13,10.7,B,500
10:59:13,10.72,B,2000
10:59:13,10.73,B,4400
10:59:13,10.73,B,1000
10:59:13,10.74,B,500
10:59:13,10.74,B,12000
10:59:13,10.75,B,1000
10:59:13,10.75,B,8600
10:59:13,10.75,B,1500
10:59:13,10.75,B,900
10:59:13,10.76,B,200
10:59:13,10.79,B,3000
10:59:13,10.79,B,300
10:59:13,10.8,B,1033
10:59:13,10.8,B,1500
10:59:13,10.8,B,2000
10:59:13,10.8,B,1000
10:59:13,10.8,B,20000
10:59:13,10.8,B,7000
10:59:13,10.8,B,200
10:59:13,10.8,B,500
10:59:13,10.8,B,900
10:59:13,10.8,B,2000
10:59:13,10.8,B,1700
10:59:13,10.8,B,1000
10:59:13,10.8,B,500
10:59:13,10.8,B,2000
10:59:13,10.8,B,500
10:59:13,10.8,B,3000
10:59:13,10.8,B,400
10:59:13,10.8,B,100
10:59:13,10.8,B,200
10:59:13,10.8,B,1600
10:59:13,10.8,B,500
10:59:13,10.8,B,3000
10:59:13,10.8,B,500
10:59:13,10.8,B,1500
10:59:13,10.81,B,10000
10:59:13,10.81,B,2000
10:59:13,10.81,B,2800
10:59:13,10.81,B,800
10:59:13,10.81,B,600
10:59:13,10.81,B,1200
10:59:13,10.81,B,3000
10:59:13,10.81,B,6100
10:59:13,10.82,B,200
10:59:13,10.82,B,300
10:59:13,10.82,B,400
10:59:13,10.82,B,15300
10:59:13,10.82,B,100
10:59:13,10.82,B,200
10:59:13,10.82,B,300
10:59:13,10.82,B,1900
10:59:13,10.83,B,1000
10:59:13,10.83,B,10000
10:59:13,10.83,B,1600
10:59:13,10.83,B,1000
10:59:13,10.83,B,3000
10:59:13,10.84,B,15000
10:59:13,10.84,B,500
10:59:13,10.84,B,1000
10:59:13,10.84,B,200
10:59:13,10.84,B,1200
10:59:13,10.84,B,900
10:59:13,10.84,B,500
10:59:13,10.84,B,1900
10:59:13,10.85,B,400
10:59:13,10.85,B,1400
10:59:13,10.85,B,1900
10:59:13,10.85,B,1700
10:59:13,10.85,B,300
10:59:13,10.85,B,500
10:59:13,10.85,B,1600
10:59:13,10.85,B,100
10:59:13,10.85,B,3000
10:59:13,10.85,B,10000
10:59:13,10.85,B,3200
10:59:13,10.85,B,3000
10:59:13,10.85,B,6100
10:59:13,10.85,B,10200
10:59:13,10.85,B,1600
10:59:13,10.85,B,800
10:59:13,10.85,B,300
10:59:13,10.85,B,16300
10:59:13,10.85,B,500
10:59:13,10.85,B,10000
10:59:13,10.85,B,1000
10:59:13,10.85,B,3000
10:59:13,10.85,B,100
10:59:13,10.85,B,1000
10:59:13,10.85,B,4000
10:59:13,10.85,B,100
10:59:13,10.85,B,2000
10:59:13,10.85,B,500
10:59:13,10.85,B,3000
10:59:13,10.85,B,400
10:59:13,10.85,B,500
10:59:13,10.85,B,1000
10:59:13,10.85,B,1000
10:59:13,10.85,B,2000
10:59:13,10.85,B,1000
10:59:13,10.85,B,1000
10:59:13,10.85,B,500
10:59:13,10.85,B,300
10:59:13,10.85,B,1000
10:59:13,10.85,B,100
10:59:13,10.85,B,400
10:59:13,10.85,S,5500
10:59:13,10.85,S,100
10:59:14,10.85,S,3000
10:59:15,10.85,S,500
10:59:16,10.85,S,100
10:59:16,10.85,S,2000
10:59:16,10.85,S,1800
10:59:16,10.85,S,500
10:59:18,10.85,S,1000
10:59:19,10.85,S,16867
10:59:20,10.75,S,1000
10:59:24,10.79,B,1900
10:59:24,10.8,B,1100
10:59:25,10.75,S,100
10:59:25,10.75,S,6700
10:59:26,10.8,B,2033
10:59:26,10.8,B,1500
10:59:26,10.8,B,467
10:59:26,10.8,B,33
10:59:26,10.8,B,1000
10:59:26,10.85,B,267
10:59:26,10.75,S,400
10:59:26,10.75,S,1000
10:59:27,10.75,S,200
10:59:27,10.75,S,500
10:59:27,10.75,S,100
10:59:27,10.75,S,600
10:59:27,10.71,S,300
