Time,Price,BuySell,Volume
09:25:03,31.72,B,100
09:25:03,31.72,B,1500
09:25:03,31.72,B,300
09:25:03,31.72,S,1000
09:25:03,31.72,S,100
09:25:03,31.72,S,600
09:25:03,31.72,S,400
09:25:03,31.72,S,200
09:25:03,31.72,S,1200
09:25:03,31.72,S,1900
09:25:03,31.72,S,2700
09:25:03,31.72,S,800
09:25:03,31.72,S,100
09:25:03,31.72,S,700
09:25:03,31.72,S,2200
09:25:03,31.72,S,1000
09:25:03,31.72,S,800
09:25:03,31.72,S,1000
09:25:03,31.72,B,400
09:25:03,31.72,S,300
09:25:03,31.72,S,14394
09:25:03,31.72,S,6906
09:25:03,31.72,S,1000
09:25:03,31.72,S,300
09:25:03,31.72,S,1000
09:25:03,31.72,S,100
09:25:03,31.72,S,1500
09:25:03,31.72,S,2500
09:25:03,31.72,S,400
09:25:03,31.72,S,100
09:25:03,31.72,B,25394
09:25:03,31.72,B,200
09:25:03,31.72,B,500
09:25:03,31.72,B,10500
09:25:03,31.72,B,900
09:25:03,31.72,B,1000
09:25:03,31.72,B,100
09:25:03,31.72,B,700
09:25:03,31.72,B,600
09:25:03,31.72,B,200
09:25:03,31.72,B,2500
09:25:03,31.72,B,10000
09:25:03,31.72,B,7000
09:25:03,31.72,B,500
09:25:03,31.72,B,2500
09:25:03,31.72,B,2400
09:25:03,31.72,B,4000
09:25:03,31.72,B,2800
09:25:03,31.72,B,500
09:25:03,31.72,B,1000
09:25:03,31.72,B,100
09:25:03,31.72,B,1000
09:25:03,31.72,B,2300
09:25:03,31.72,B,4600
09:25:03,31.72,B,100
09:25:03,31.72,B,100
09:25:03,31.72,B,500
09:25:03,31.72,B,500
09:25:03,31.72,B,2000
09:25:03,31.72,B,300
09:25:03,31.72,B,2400
09:25:03,31.72,B,3600
09:25:03,31.72,B,7600
09:25:03,31.72,B,300
09:25:03,31.72,B,900
09:25:03,31.72,B,500
09:25:03,31.72,B,1700
09:25:03,31.72,B,1300
09:25:03,31.72,B,1600
09:25:03,31.72,B,1300
09:25:03,31.72,B,200
09:25:03,31.72,B,100
09:25:03,31.72,B,700
09:25:03,31.72,B,400
09:25:03,31.72,B,3600
09:25:03,31.72,B,300
09:25:03,31.72,B,500
09:25:03,31.72,B,5000
09:25:03,31.72,B,3500
09:25:03,31.72,B,5000
09:25:03,31.72,B,1000
09:25:03,31.72,B,5000
09:25:03,31.72,B,200
09:25:03,31.72,B,700
09:25:03,31.72,B,3900
09:25:03,31.72,B,1500
09:25:03,31.72,B,20000
09:25:03,31.72,B,800
09:25:03,31.72,B,4700
09:25:03,31.72,B,500
09:25:03,31.72,B,40100
09:25:03,31.72,B,5000
09:25:03,31.72,B,34900
09:25:03,31.72,B,100
09:25:03,31.72,B,11200
09:25:03,31.72,B,5000
09:25:03,31.72,B,300
09:25:03,31.72,B,1200
09:25:03,31.72,B,5000
09:25:03,31.72,B,3500
09:25:03,31.72,B,300
09:25:03,31.72,B,600
09:25:03,31.72,B,1000
09:25:03,31.72,B,500
09:25:03,31.72,B,5000
09:25:03,31.72,B,5500
09:25:03,31.72,B,2500
09:25:03,31.72,B,800
09:25:03,31.72,B,800
09:25:03,31.72,B,15300
09:25:03,31.72,B,6900
09:25:03,31.72,B,400
09:25:03,31.72,B,2500
09:25:03,31.72,B,300
09:25:03,31.72,B,6000
09:25:03,31.72,B,100
09:25:03,31.72,B,34600
09:25:03,31.72,B,200
09:25:03,31.72,B,100
09:25:03,31.72,B,3800
09:25:03,31.72,B,1000
09:25:03,31.72,B,200
09:25:03,31.72,B,100
09:25:03,31.72,B,4600
09:25:03,31.72,B,9800
09:25:03,31.72,B,4900
09:25:03,31.72,B,100
09:25:03,31.72,B,6000
09:25:03,31.72,B,1000
09:25:03,31.72,B,200
09:25:03,31.72,B,3800
09:25:03,31.72,B,2300
09:25:03,31.72,B,600
09:25:03,31.72,B,3100
09:25:03,31.72,B,1700
09:25:03,31.72,B,3700
09:25:03,31.72,B,1000
09:25:03,31.72,B,300
09:25:03,31.72,B,400
09:25:03,31.72,B,300
09:25:03,31.72,B,3500
09:25:03,31.72,B,500
09:25:03,31.72,B,500
09:25:03,31.72,B,1300
09:25:03,31.72,B,400
09:25:03,31.72,B,500
09:25:03,31.72,B,100
09:25:03,31.72,B,100
09:25:03,31.72,B,100
09:25:03,31.72,B,500
09:25:03,31.72,B,300
09:25:03,31.72,B,6900
09:25:03,31.72,B,600
09:25:03,31.72,B,1500
09:25:03,31.72,B,600
09:25:03,31.72,B,4600
09:25:03,31.72,B,100
09:25:03,31.72,B,200
09:25:03,31.72,B,1000
09:25:03,31.72,B,200
09:25:03,31.72,B,1800
09:25:03,31.72,B,1800
09:25:03,31.72,B,200
09:25:03,31.72,B,4000
09:25:03,31.72,B,200
09:25:03,31.72,B,200
09:25:03,31.72,B,800
09:25:03,31.72,B,100
09:25:03,31.72,B,900
09:25:03,31.72,B,1800
09:25:03,31.72,B,1000
09:25:03,31.72,B,2200
09:25:03,31.72,B,100
09:25:03,31.72,B,2800
09:25:03,31.72,B,47000
09:25:03,31.72,B,400
09:25:03,31.72,B,900
09:25:03,31.72,B,5000
09:25:03,31.72,B,1500
09:25:03,31.72,B,500
09:25:03,31.72,B,300
09:25:03,31.72,B,100
09:25:03,31.72,B,200
09:25:03,31.72,B,100
09:25:03,31.72,B,700
09:25:03,31.72,B,1000
09:25:03,31.72,B,500
09:25:03,31.72,B,100
09:25:03,31.72,B,1300
09:25:03,31.72,B,200
09:25:03,31.72,B,1000
09:25:03,31.72,B,400
09:25:03,31.72,B,200
09:25:03,31.72,B,100
09:25:03,31.72,B,800
09:25:03,31.72,B,500
09:25:03,31.72,B,1100
09:25:03,31.72,B,900
09:25:03,31.72,B,100
09:25:03,31.72,B,1500
09:25:03,31.72,B,12000
09:25:03,31.72,B,100
09:25:03,31.72,B,100
09:25:03,31.72,B,1000
09:25:03,31.72,B,200
09:25:03,31.72,B,1900
09:25:03,31.72,B,1700
09:25:03,31.72,B,500
09:25:03,31.72,B,8000
09:25:03,31.72,B,100
09:25:03,31.72,B,1200
09:25:03,31.72,B,200
09:25:03,31.72,B,7000
09:25:03,31.72,B,200
09:25:03,31.72,B,26500
09:25:03,31.72,B,100
09:25:03,31.72,B,800
09:25:03,31.72,B,1800
09:25:03,31.72,B,300
09:25:03,31.72,B,300
09:25:03,31.72,B,100
09:25:03,31.72,B,1000
09:25:03,31.72,B,5700
09:25:03,31.72,B,100
09:25:03,31.72,B,2300
09:25:03,31.72,B,300
09:25:03,31.72,B,2200
09:25:03,31.72,B,300
09:25:03,31.72,B,1000
09:25:03,31.72,B,700
09:25:03,31.72,B,7500
09:25:03,31.72,B,500
09:25:03,31.72,B,200
09:25:03,31.72,B,600
09:25:03,31.72,B,100
09:25:03,31.72,B,300
09:25:03,31.72,B,1600
09:25:03,31.72,B,500
09:25:03,31.72,B,1000
09:25:03,31.72,B,200
09:25:03,31.72,B,100
09:25:03,31.72,B,1000
09:25:03,31.72,B,100
09:25:03,31.72,B,9800
09:25:03,31.72,B,5000
09:25:03,31.72,B,100
09:25:03,31.72,B,500
09:25:03,31.72,B,500
09:25:03,31.72,B,100
09:25:03,31.72,B,14600
09:25:03,31.72,B,500
09:25:03,31.72,B,500
09:25:03,31.72,B,3600
09:25:03,31.72,B,3000
09:25:03,31.72,B,100
09:25:03,31.72,B,4600
09:25:03,31.72,B,300
09:25:03,31.72,B,2000
09:25:03,31.72,B,100
09:25:03,31.72,B,7700
09:25:03,31.72,B,100
09:25:03,31.72,B,500
09:25:03,31.72,B,1000
09:25:03,31.72,B,35800
09:25:03,31.72,B,100
09:25:03,31.72,B,2600
09:25:03,31.72,B,1500
09:25:03,31.72,B,200
09:25:03,31.72,B,3900
09:25:03,31.72,B,3000
09:25:03,31.72,B,2000
09:25:03,31.72,B,300
09:25:03,31.72,B,100
09:25:03,31.72,B,200
09:25:03,31.72,B,300
09:25:03,31.72,B,300
09:25:03,31.72,B,1000
09:25:03,31.72,B,300
09:25:03,31.72,B,4000
09:25:03,31.72,B,5000
09:25:03,31.72,B,3600
09:25:03,31.72,B,300
09:25:03,31.72,B,2200
09:25:03,31.72,B,1100
09:25:03,31.72,B,1000
09:25:03,31.72,B,400
09:25:03,31.72,B,15000
09:25:03,31.72,B,100
09:25:03,31.72,B,100
09:25:03,31.72,B,500
09:25:03,31.72,B,100
09:25:03,31.72,B,1400
09:25:03,31.72,B,300
09:25:03,31.72,B,1000
09:25:03,31.72,B,100
09:25:03,31.72,B,200
09:25:03,31.72,B,900
09:25:03,31.72,B,100
09:25:03,31.72,B,300
09:25:03,31.72,B,2000
09:25:03,31.72,B,700
09:25:03,31.72,B,1400
09:25:03,31.72,B,500
09:25:03,31.72,B,100
09:25:03,31.72,B,1500
09:25:03,31.72,B,100
09:25:03,31.72,B,400
09:25:03,31.72,B,400
09:25:03,31.72,B,300
09:25:03,31.72,B,11000
09:25:03,31.72,B,2000
09:25:03,31.72,B,200
09:25:03,31.72,B,500
09:25:03,31.72,B,1000
09:25:03,31.72,B,1200
09:25:03,31.72,B,1000
09:25:03,31.72,B,200
09:25:03,31.72,B,1500
09:25:03,31.72,B,600
09:25:03,31.72,B,400
09:25:03,31.72,B,100
09:25:03,31.72,B,100
09:25:03,31.72,B,100
09:25:03,31.72,B,500
09:25:03,31.72,B,300
09:25:03,31.72,B,300
09:25:03,31.72,B,100
09:25:03,31.72,B,300
09:25:03,31.72,B,600
09:25:03,31.72,B,3100
09:25:03,31.72,B,500
09:25:03,31.72,B,200
09:25:03,31.72,B,3000
09:25:03,31.72,B,1000
09:25:03,31.72,B,600
09:25:03,31.72,B,10000
09:25:03,31.72,B,400
09:25:03,31.72,B,5000
09:25:03,31.72,B,100
09:25:03,31.72,B,300
09:25:03,31.72,B,100
09:25:03,31.72,B,500
09:25:03,31.72,B,5000
09:25:03,31.72,B,5000
09:25:03,31.72,B,5000
09:25:03,31.72,B,5000
09:25:03,31.72,B,300
09:25:03,31.72,B,2500
09:25:03,31.72,B,7000
09:25:03,31.72,B,100
09:25:03,31.72,B,5000
09:25:03,31.72,B,1000
09:25:03,31.72,B,5000
09:25:03,31.72,B,5000
09:25:03,31.72,B,5000
09:25:03,31.72,B,3000
09:25:03,31.72,B,900
09:25:03,31.72,B,900
09:25:03,31.72,B,2000
09:25:03,31.72,B,400
09:25:03,31.72,B,5000
09:25:03,31.72,B,5000
09:25:03,31.72,B,1000
09:25:03,31.72,B,500
09:25:03,31.72,B,1000
09:25:03,31.72,B,1700
09:25:03,31.72,B,100
09:25:03,31.72,B,100
09:25:03,31.72,B,200
09:25:03,31.72,B,200
09:25:03,31.72,B,200
09:25:03,31.72,B,100
09:25:03,31.72,B,200
09:25:03,31.72,B,200
09:25:03,31.72,B,200
09:25:03,31.72,B,500
09:25:03,31.72,B,2600
09:25:03,31.72,B,300
09:25:03,31.72,B,1000
09:25:03,31.72,B,500
09:25:03,31.72,B,5000
09:25:03,31.72,B,800
09:25:03,31.72,B,200
09:25:03,31.72,B,5000
09:25:03,31.72,B,10806
09:25:03,31.72,B,100
09:25:03,31.72,B,300
09:25:03,31.72,B,100
09:25:03,31.72,S,300
09:25:03,31.72,S,400
09:25:03,31.72,S,100
09:25:03,31.72,B,100
09:25:03,31.72,B,100
09:25:03,31.72,B,100
09:25:03,31.72,B,800
09:25:03,31.72,B,100
09:25:03,31.72,B,200
09:25:03,31.72,B,300
09:25:03,31.72,B,100
09:25:03,31.72,B,100
09:25:03,31.72,B,200
09:25:03,31.72,B,300
09:25:03,31.72,B,100
09:25:03,31.72,B,100
09:25:03,31.72,B,100
09:25:03,31.72,B,1200
09:25:03,31.72,B,600
09:25:03,31.72,B,300
09:25:03,31.72,B,200
09:25:03,31.72,B,100
09:25:03,31.72,B,200
09:25:03,31.72,B,100
09:25:03,31.72,B,100
09:25:03,31.72,B,200
09:25:03,31.72,B,100
09:25:03,31.72,B,300
09:25:03,31.72,B,500
09:25:03,31.72,B,1294
09:25:03,31.72,B,500
09:25:03,31.72,B,100
09:25:03,31.72,B,3000
09:25:03,31.72,B,106
09:25:03,31.72,B,100
09:25:03,31.72,B,300
09:25:03,31.72,B,200
09:25:03,31.72,B,700
09:25:03,31.72,B,394
09:25:03,31.72,B,106
09:25:03,31.72,B,94
09:25:03,31.72,B,2000
09:25:03,31.72,B,600
09:25:03,31.72,B,400
09:25:03,31.72,B,500
09:25:03,31.72,B,100
09:25:03,31.72,B,200
09:25:03,31.72,B,1700
09:25:03,31.72,B,100
09:25:03,31.72,B,300
09:25:03,31.72,B,400
09:25:03,31.72,B,200
09:25:03,31.72,B,200
09:25:03,31.72,B,100
09:25:03,31.72,B,300
09:25:03,31.72,B,100
09:25:03,31.72,B,300
09:25:03,31.72,B,700
09:25:03,31.72,B,5000
09:25:03,31.72,B,1000
09:25:03,31.72,B,1600
09:25:03,31.72,B,500
09:25:03,31.72,B,5000
09:25:03,31.72,B,100
09:25:03,31.72,B,5000
09:25:03,31.72,B,200
09:25:03,31.72,B,5000
09:25:03,31.72,B,1300
09:25:03,31.72,B,100
09:25:03,31.72,B,2000
09:25:03,31.72,B,1000
09:25:03,31.72,B,500
09:25:03,31.72,B,100
09:25:03,31.72,B,300
09:25:03,31.72,B,2000
09:25:03,31.72,B,500
09:25:03,31.72,B,200
09:25:03,31.72,B,1300
09:25:03,31.72,B,100
09:25:03,31.72,B,200
09:25:03,31.72,B,500
09:25:03,31.72,B,200
09:25:03,31.72,B,300
09:25:03,31.72,B,1000
09:25:03,31.72,B,1000
09:25:03,31.72,B,100
09:25:03,31.72,B,2000
09:25:03,31.72,B,500
09:25:03,31.72,B,200
09:25:03,31.72,B,100
09:25:03,31.72,B,1600
09:25:03,31.72,B,1000
09:25:03,31.72,B,100
09:25:03,31.72,B,100
09:25:03,31.72,B,100
09:25:03,31.72,B,200
09:25:03,31.72,B,100
09:25:03,31.72,B,500
09:25:03,31.72,B,400
09:25:03,31.72,B,200
09:25:03,31.72,B,400
09:25:03,31.72,B,100
09:30:00,31.72,S,7700
09:30:00,31.72,S,3000
09:30:00,31.72,S,200
09:30:00,31.72,S,100
09:30:01,31.72,S,100
09:30:01,31.72,S,100
09:30:02,31.72,S,4000
09:30:02,31.72,S,3200
09:30:02,31.73,B,200
09:30:02,31.73,B,100
09:30:02,31.73,B,500
09:30:02,31.73,B,300
09:30:02,31.73,B,500
09:30:02,31.73,B,400
09:30:02,31.72,S,1500
09:30:02,31.72,S,6100
09:30:02,31.73,B,200
09:30:02,31.73,B,100
09:30:02,31.73,B,300
09:30:02,31.73,B,200
09:30:02,31.73,B,100
09:30:02,31.72,S,2000
09:30:02,31.72,S,2500
09:30:02,31.72,S,200
09:30:02,31.73,B,300
09:30:02,31.73,B,200
09:30:02,31.73,B,300
09:30:02,31.73,B,600
09:30:02,31.73,B,8300
09:30:02,31.73,B,300
09:30:02,31.72,S,900
09:30:02,31.73,B,200
09:30:02,31.73,B,300
09:30:02,31.73,B,500
09:30:02,31.73,B,800
09:30:02,31.73,B,500
09:30:02,31.73,B,300
09:30:02,31.73,B,800
09:30:02,31.73,B,100
09:30:02,31.73,B,300
09:30:02,31.73,B,700
09:30:02,31.73,B,200
09:30:02,31.73,B,100
09:30:02,31.73,B,200
09:30:02,31.73,B,100
09:30:02,31.73,B,100
09:30:02,31.73,B,100
09:30:02,31.73,B,1400
09:30:02,31.73,B,1300
09:30:02,31.73,B,200
09:30:02,31.73,B,900
09:30:02,31.73,B,600
09:30:02,31.75,B,100
09:30:02,31.75,B,400
09:30:02,31.72,S,200
09:30:02,31.73,S,100
09:30:02,31.73,S,900
09:30:02,31.73,S,500
09:30:02,31.72,S,2000
09:30:02,31.72,S,600
09:30:02,31.72,S,200
09:30:02,31.75,B,600
09:30:02,31.75,B,400
09:30:02,31.75,B,100
09:30:02,31.73,S,1000
09:30:02,31.73,S,300
09:30:02,31.73,S,100
09:30:02,31.73,S,300
09:30:02,31.75,S,1000
09:30:02,31.77,B,200
09:30:02,31.79,B,200
09:30:02,31.8,B,100
09:30:02,31.75,S,300
09:30:02,31.75,S,1000
09:30:02,31.73,S,300
09:30:02,31.73,S,1000
09:30:02,31.73,S,400
09:30:02,31.73,S,600
09:30:02,31.73,S,2000
09:30:02,31.73,S,800
09:30:02,31.73,S,2000
09:30:02,31.73,S,100
09:30:02,31.73,S,1000
09:30:02,31.73,S,100
09:30:02,31.73,S,400
09:30:02,31.75,S,100
09:30:02,31.73,S,100
09:30:02,31.73,S,100
09:30:02,31.73,S,300
09:30:02,31.73,S,200
09:30:02,31.8,B,300
09:30:02,31.73,S,100
09:30:02,31.73,S,700
09:30:02,31.73,S,100
09:30:02,31.73,S,100
09:30:02,31.72,S,500
09:30:02,31.73,B,600
09:30:02,31.72,S,1400
09:30:02,31.72,S,3000
09:30:02,31.73,B,500
09:30:02,31.72,S,400
09:30:02,31.73,B,400
09:30:02,31.73,S,100
09:30:02,31.72,S,400
09:30:02,31.75,S,200
09:30:02,31.75,S,300
09:30:02,31.75,S,100
09:30:02,31.73,S,200
09:30:02,31.73,S,200
09:30:02,31.73,S,200
09:30:02,31.72,S,600
09:30:02,31.72,S,100
09:30:02,31.8,B,400
09:30:02,31.75,S,200
09:30:02,31.75,S,1000
09:30:02,31.8,B,500
09:30:02,31.8,B,1100
09:30:02,31.8,B,600
09:30:02,31.81,B,700
09:30:02,31.84,B,100
09:30:02,31.77,S,300
09:30:02,31.75,S,1300
09:30:02,31.8,S,100
09:30:02,31.75,S,3200
09:30:02,31.81,B,400
09:30:02,31.81,S,1000
09:30:02,31.81,S,700
09:30:02,31.75,S,1000
09:30:02,31.75,S,500
09:30:02,31.9,B,200
09:30:02,31.9,B,200
09:30:02,31.75,S,800
09:30:02,31.75,S,4500
09:30:02,31.75,S,900
09:30:02,31.75,S,500
09:30:02,31.75,S,1600
09:30:02,31.75,S,1900
09:30:02,31.75,S,1800
09:30:03,31.75,S,2000
09:30:03,31.75,S,11000
09:30:03,31.78,B,1400
09:30:03,31.8,S,100
09:30:03,31.8,S,100
09:30:03,31.8,S,400
09:30:03,31.8,S,500
09:30:03,31.76,S,100
09:30:03,31.76,S,900
09:30:03,31.75,S,4100
09:30:03,31.8,S,500
09:30:03,31.75,S,900
09:30:03,31.75,S,3000
09:30:03,31.75,S,1400
09:30:03,31.75,S,1800
09:30:03,31.75,S,600
09:30:03,31.76,S,200
09:30:03,31.75,S,2200
09:30:03,31.75,S,300
09:30:03,31.75,S,600
09:30:03,31.75,S,800
09:30:03,31.75,S,200
09:30:03,31.75,S,200
09:30:03,31.75,S,1100
09:30:03,31.75,S,900
09:30:03,31.75,S,400
09:30:03,31.75,S,1000
09:30:03,31.75,S,600
09:30:03,31.79,B,200
09:30:03,31.79,B,100
09:30:03,31.75,S,100
09:30:03,31.75,S,2000
09:30:03,31.75,S,600
09:30:03,31.75,S,1000
09:30:03,31.79,B,200
09:30:03,31.75,S,300
09:30:03,31.75,S,500
09:30:03,31.9,B,3400
09:30:03,31.9,B,100
09:30:03,31.93,B,100
09:30:03,31.98,B,1100
09:30:03,31.98,B,500
09:30:03,31.75,S,800
09:30:03,31.75,S,200
09:30:03,31.99,B,100
09:30:03,31.82,S,100
09:30:03,31.75,S,100
09:30:03,31.75,S,500
09:30:03,31.75,S,1000
09:30:03,31.8,S,300
09:30:03,31.75,S,200
09:30:03,31.75,S,3500
09:30:03,31.75,S,400
09:30:03,31.75,S,500
09:30:03,31.75,S,400
09:30:03,31.75,S,100
09:30:03,31.8,B,100
09:30:03,31.8,S,1400
09:30:03,31.75,S,15200
09:30:03,31.75,S,2100
09:30:03,31.75,S,1000
09:30:03,31.75,S,5300
09:30:03,31.75,S,700
09:30:03,31.75,S,200
09:30:03,31.75,S,700
09:30:03,31.75,S,500
09:30:03,31.75,S,700
09:30:03,31.75,S,100
09:30:03,31.75,S,500
09:30:03,31.75,S,1000
09:30:03,31.75,S,700
09:30:03,31.75,S,300
09:30:03,31.75,S,200
09:30:03,31.89,S,100
09:30:03,31.8,S,300
09:30:03,31.99,B,200
09:30:03,31.8,S,500
09:30:03,31.79,S,500
09:30:03,31.78,S,500
09:30:03,31.77,S,1000
09:30:03,31.75,S,800
09:30:04,31.75,S,3200
09:30:04,31.75,B,200
09:30:04,31.75,B,700
09:30:04,31.74,S,100
09:30:04,31.74,S,900
09:30:04,31.74,S,1000
09:30:04,31.74,S,100
09:30:04,31.74,S,500
09:30:04,31.73,S,500
09:30:04,31.73,S,100
09:30:04,31.73,S,100
09:30:04,31.75,B,300
09:30:04,31.75,B,700
09:30:04,31.75,B,100
09:30:04,31.75,B,100
09:30:04,31.75,B,400
09:30:04,31.82,S,4500
09:30:04,31.8,S,400
09:30:04,31.79,S,600
09:30:04,31.75,S,1500
09:30:04,31.74,S,500
09:30:04,31.73,S,2800
09:30:04,31.73,S,700
09:30:04,31.73,S,1000
09:30:04,31.73,S,400
09:30:04,31.73,S,600
09:30:04,31.73,S,2100
09:30:04,31.73,S,200
09:30:04,31.73,S,100
09:30:04,31.73,S,700
09:30:04,31.73,S,200
09:30:04,31.73,S,100
09:30:04,31.73,S,100
09:30:04,31.73,S,100
09:30:04,31.73,S,100
09:30:04,31.73,S,200
09:30:04,31.73,S,900
09:30:04,31.75,S,200
09:30:04,31.73,S,100
09:30:04,31.73,S,600
09:30:04,31.73,S,1000
09:30:04,31.75,S,200
09:30:04,31.73,S,300
09:30:04,31.75,B,400
09:30:04,31.73,S,800
09:30:04,31.75,B,100
09:30:04,31.8,S,400
09:30:04,31.75,S,600
09:30:04,31.75,S,1000
09:30:04,31.99,B,100
09:30:04,31.75,S,2000
09:30:04,31.75,S,1400
09:30:04,31.75,S,1000
09:30:04,31.75,S,1000
09:30:04,31.75,S,2000
09:30:04,31.75,S,200
09:30:04,31.75,S,500
09:30:04,31.75,S,300
09:30:04,31.75,S,400
09:30:04,31.75,S,800
09:30:04,31.75,S,200
09:30:04,31.75,S,1200
09:30:04,31.75,S,800
09:30:04,31.75,S,100
09:30:04,31.75,S,700
09:30:04,31.75,S,200
09:30:04,31.74,S,300
09:30:04,31.74,S,500
09:30:04,31.73,S,400
09:30:04,31.73,S,300
09:30:04,31.99,B,300
09:30:04,31.99,B,1000
09:30:04,31.99,B,500
09:30:04,31.99,B,200
09:30:04,31.75,S,200
09:30:04,31.73,S,400
09:30:04,31.8,S,100
09:30:04,31.74,S,400
09:30:04,31.73,S,100
09:30:04,31.77,S,200
09:30:04,31.77,S,100
09:30:04,31.77,S,100
09:30:04,31.79,B,300
09:30:05,31.85,S,600
09:30:05,31.85,S,100
09:30:05,31.8,S,100
09:30:05,31.77,S,100
09:30:05,31.94,S,200
09:30:05,31.94,S,300
09:30:05,31.75,S,100
09:30:05,31.73,S,200
09:30:05,31.73,S,800
09:30:05,31.73,S,500
09:30:05,31.73,S,200
09:30:05,31.73,S,200
09:30:05,31.75,S,200
09:30:05,31.73,S,1000
09:30:05,31.76,S,500
09:30:05,31.79,S,800
09:30:05,31.74,S,200
09:30:05,31.74,S,800
09:30:05,31.73,S,1200
09:30:05,31.74,S,200
09:30:05,31.74,S,300
09:30:05,31.74,S,100
09:30:05,31.73,S,700
09:30:05,31.73,S,5000
09:30:05,31.73,S,300
09:30:05,31.73,S,100
09:30:05,31.73,S,300
09:30:05,31.73,S,200
09:30:05,31.73,S,200
09:30:05,31.73,S,100
09:30:05,31.73,S,900
09:30:05,31.73,S,1100
09:30:05,31.73,S,600
09:30:05,31.73,S,500
09:30:05,31.85,S,300
09:30:05,31.85,S,100
09:30:05,31.85,S,900
09:30:05,31.85,S,600
09:30:05,31.85,S,35
09:30:05,31.85,S,1600
09:30:05,31.85,S,465
09:30:05,31.8,S,1535
09:30:06,31.8,S,500
09:30:06,31.8,S,900
09:30:06,31.8,S,300
09:30:06,31.9,S,500
09:30:06,31.8,S,300
09:30:06,31.8,S,300
09:30:06,31.8,S,1000
09:30:06,31.8,S,100
09:30:06,31.8,S,100
09:30:06,31.8,S,600
09:30:06,31.86,S,600
09:30:06,31.86,S,600
09:30:06,31.86,S,900
09:30:06,31.86,S,100
09:30:06,31.86,S,7800
09:30:06,31.8,S,265
09:30:06,31.8,S,1300
09:30:06,31.8,S,500
09:30:06,31.8,S,100
09:30:06,31.76,S,500
09:30:06,31.75,S,235
09:30:06,31.75,S,100
09:30:06,31.75,S,665
09:30:06,31.75,S,500
09:30:06,31.75,S,1000
09:30:06,31.75,S,535
09:30:06,31.75,S,965
09:30:06,31.75,S,500
09:30:06,31.75,S,100
09:30:06,31.75,S,200
09:30:06,31.75,S,635
09:30:06,31.75,S,600
09:30:06,31.75,S,1765
09:30:06,31.74,S,400
09:30:06,31.74,S,100
09:30:06,31.74,S,100
09:30:06,31.73,S,100
09:30:06,31.73,S,635
09:30:06,31.73,S,365
09:30:06,31.73,S,500
09:30:06,31.73,S,435
09:30:06,31.75,S,100
09:30:06,31.75,S,400
09:30:06,31.8,S,300
09:30:06,31.75,S,200
09:30:06,31.75,S,400
09:30:06,31.8,S,4800
09:30:06,31.8,S,100
09:30:07,31.8,S,100
09:30:07,31.8,S,300
09:30:07,31.75,S,100
09:30:07,31.75,S,600
09:30:07,31.75,S,500
09:30:07,31.76,S,100
09:30:07,31.8,S,800
09:30:07,31.83,B,1000
09:30:07,31.9,B,200
09:30:07,31.93,B,2400
09:30:07,31.99,B,400
09:30:07,31.99,B,3000
09:30:07,32.0,B,200
09:30:07,32.0,B,600
09:30:07,32.0,B,200
09:30:07,32.0,B,300
09:30:07,32.0,B,400
09:30:07,32.0,B,400
09:30:07,32.0,B,100
09:30:07,32.0,B,800
09:30:07,32.0,B,100
09:30:07,32.0,B,1000
09:30:07,32.0,B,300
09:30:07,32.0,B,100
09:30:07,32.0,B,2000
09:30:07,32.0,B,100
09:30:07,32.0,B,2400
09:30:07,32.0,B,1000
09:30:07,32.0,B,100
09:30:07,32.0,B,300
09:30:07,32.0,B,100
09:30:07,32.0,B,300
09:30:07,32.0,B,1400
09:30:07,32.0,B,15000
09:30:07,32.0,B,1500
09:30:07,32.0,B,1000
09:30:07,32.0,B,500
09:30:07,32.0,B,200
09:30:07,32.02,B,500
09:30:07,32.0,S,1100
09:30:07,32.0,S,400
09:30:07,32.0,S,900
09:30:07,32.0,S,100
09:30:07,32.0,S,200
09:30:07,32.0,S,300
09:30:07,32.0,S,100
09:30:07,32.0,S,2000
09:30:07,32.0,S,5000
09:30:07,32.0,S,100
09:30:07,32.0,S,100
09:30:08,32.0,S,300
09:30:08,32.0,S,100
09:30:08,32.0,S,3100
09:30:08,32.0,S,4300
09:30:08,32.0,S,200
09:30:08,32.0,S,1000
09:30:08,32.02,B,700
09:30:08,32.1,B,500
09:30:08,32.1,B,200
09:30:08,32.1,B,100
09:30:08,32.0,S,500
09:30:08,32.0,S,100
09:30:08,32.0,S,100
09:30:08,32.0,S,400
09:30:08,32.0,S,300
09:30:08,32.0,S,200
09:30:08,32.0,S,3800
09:30:08,32.0,S,400
09:30:08,32.0,S,1000
09:30:08,32.0,S,500
09:30:08,32.0,S,900
09:30:08,32.0,S,1700
09:30:08,32.0,S,100
09:30:08,32.0,S,300
09:30:08,32.0,S,2400
09:30:09,32.0,S,500
09:30:09,32.0,S,300
09:30:09,32.0,S,1300
09:30:09,32.0,S,1000
09:30:09,32.0,S,300
09:30:09,32.1,B,200
09:30:09,32.0,S,1000
09:30:09,32.0,S,5000
09:30:10,32.0,S,200
09:30:10,32.0,S,100
09:30:10,32.0,S,100
09:30:10,32.0,S,600
09:30:10,32.0,S,600
09:30:10,32.0,S,7000
09:30:10,32.0,S,300
09:30:10,32.0,S,300
09:30:10,32.0,S,500
09:30:10,32.0,S,500
09:30:10,32.1,B,100
09:30:10,32.1,B,900
09:30:10,32.0,S,100
09:30:10,32.0,S,100
09:30:11,32.0,S,200
09:30:11,32.0,S,200
09:30:11,32.0,S,600
09:30:11,32.0,S,100
09:30:11,32.0,S,1000
09:30:11,32.0,S,100
09:30:11,32.0,S,1200
09:30:11,32.0,S,200
09:30:11,32.0,S,500
09:30:11,32.0,S,2000
09:30:11,32.0,S,100
09:30:12,32.0,S,500
09:30:12,32.0,S,1500
09:30:12,32.0,S,4000
09:30:12,32.0,S,400
09:30:12,32.1,B,400
09:30:12,32.11,B,100
09:30:12,32.12,B,1000
09:30:12,32.12,B,200
09:30:12,32.14,B,1000
09:30:12,32.17,B,3000
09:30:12,32.0,S,300
09:30:12,32.0,S,3500
09:30:12,32.0,S,1400
09:30:12,32.0,S,500
09:30:12,32.0,S,500
09:30:12,32.0,S,700
09:30:12,32.2,B,500
09:30:12,32.0,S,200
09:30:13,32.0,S,200
09:30:13,32.0,S,300
09:30:13,32.0,S,1000
09:30:13,32.0,S,100
09:30:13,32.0,S,1100
09:30:13,32.0,S,300
09:30:13,32.0,S,1000
09:30:13,32.0,S,200
09:30:13,32.0,S,4000
09:30:13,32.0,S,400
09:30:13,32.0,S,100
09:30:13,32.0,S,200
09:30:13,32.0,S,200
09:30:13,32.0,S,100
09:30:14,32.0,S,1100
09:30:14,32.0,S,100
09:30:14,32.0,S,100
09:30:14,32.0,S,800
09:30:14,32.0,S,500
09:30:15,32.0,S,800
09:30:15,32.0,S,300
09:30:15,32.0,S,100
09:30:15,32.0,S,5000
09:30:15,32.0,S,1800
09:30:15,32.11,S,600
09:30:15,32.0,S,400
09:30:15,32.0,S,300
09:30:15,32.2,B,500
09:30:15,32.2,B,1000
09:30:15,32.2,B,500
09:30:15,32.2,B,100
09:30:15,32.0,S,1000
09:30:15,32.0,S,100
09:30:15,32.0,S,900
09:30:15,32.2,B,300
09:30:15,32.0,S,1000
09:30:15,32.0,S,300
09:30:15,32.0,S,2000
09:30:15,32.2,B,100
09:30:16,32.2,B,1500
09:30:16,32.22,B,400
09:30:16,32.23,B,300
09:30:16,32.0,S,1100
09:30:16,32.0,S,1000
09:30:16,32.0,S,4200
09:30:16,32.14,S,700
09:30:16,32.14,S,600
09:30:17,32.14,S,300
09:30:17,32.14,S,400
09:30:18,32.14,S,600
09:30:18,32.14,S,1000
09:30:18,32.14,S,1000
09:30:18,32.23,B,200
09:30:18,32.14,S,200
09:30:19,32.23,B,400
09:30:19,32.24,B,500
09:30:19,32.14,S,6000
09:30:19,32.14,S,200
09:30:19,32.24,B,400
09:30:19,32.14,S,800
09:30:19,32.14,S,600
09:30:19,32.14,S,1900
09:30:19,32.24,B,100
09:30:19,32.25,B,300
09:30:19,32.26,B,1000
09:30:19,32.28,B,100
09:30:19,32.28,B,400
09:30:19,32.28,B,500
09:30:19,32.28,B,300
09:30:19,32.29,B,100
09:30:19,32.14,S,1000
09:30:20,32.14,S,400
09:30:20,32.14,S,500
09:30:20,32.14,S,2200
09:30:20,32.14,S,300
09:30:20,32.14,S,1400
09:30:21,32.14,S,1000
09:30:21,32.14,S,500
09:30:22,32.3,B,100
09:30:22,32.3,B,500
09:30:22,32.3,B,1000
09:30:22,32.3,B,200
09:30:22,32.3,B,100
09:30:22,32.3,B,100
09:30:22,32.3,B,100
09:30:22,32.2,S,900
09:30:22,32.3,B,100
09:30:22,32.3,B,200
09:30:22,32.3,B,500
09:30:22,32.31,B,100
09:30:22,32.32,B,400
09:30:22,32.32,B,1000
09:30:22,32.33,B,700
09:30:23,32.2,S,600
09:30:24,32.2,S,100
09:30:25,32.2,S,200
09:30:25,32.33,B,200
09:30:25,32.2,S,500
09:30:26,32.2,S,700
09:30:26,32.2,S,800
09:30:26,32.14,S,3500
09:30:26,32.3,S,100
09:30:26,32.2,S,500
09:30:26,32.14,S,1400
09:30:26,32.14,S,500
09:30:27,32.35,B,200
09:30:27,32.35,B,200
09:30:27,32.35,B,1600
09:30:27,32.35,B,300
09:30:27,32.36,B,6000
09:30:27,32.36,B,1600
09:30:27,32.37,B,100
09:30:27,32.38,B,100
09:30:27,32.38,B,200
09:30:27,32.38,B,600
09:30:27,32.39,B,1600
09:30:27,32.39,B,400
09:30:27,32.39,B,300
09:30:27,32.26,S,3900
09:30:27,32.15,S,6100
09:30:27,32.4,B,1000
09:30:27,32.4,B,300
09:30:27,32.4,B,200
09:30:27,32.4,B,400
09:30:27,32.4,B,100
09:30:29,32.3,S,100
09:30:29,32.23,S,400
09:30:29,32.2,S,200
09:30:29,32.2,S,200
09:30:29,32.2,S,100
09:30:29,32.24,B,400
09:30:29,32.4,B,400
09:30:29,32.4,B,1000
09:30:29,32.4,B,700
09:30:30,32.3,S,2000
09:30:30,32.35,S,5100
09:30:30,32.3,S,1500
09:30:30,32.24,S,400
09:30:30,32.2,S,900
09:30:30,32.2,S,500
09:30:30,32.15,S,13300
09:30:30,32.15,S,500
09:30:30,32.4,B,200
09:30:31,32.15,S,7100
09:30:31,32.14,S,2900
09:30:31,32.14,S,100
09:30:31,32.14,S,100
09:30:31,32.2,S,100
09:30:31,32.2,S,300
09:30:32,32.23,B,1000
09:30:32,32.23,B,1000
09:30:32,32.29,B,2000
09:30:33,32.29,B,500
09:30:33,32.29,B,1000
09:30:33,32.29,B,500
09:30:33,32.3,S,100
09:30:34,32.35,S,600
09:30:34,32.32,S,200
09:30:34,32.3,S,100
09:30:34,32.3,S,300
09:30:34,32.3,S,2900
09:30:34,32.26,S,400
09:30:34,32.24,S,2400
09:30:36,32.34,B,500
09:30:36,32.34,B,2500
09:30:36,32.39,B,3000
09:30:36,32.4,B,2100
09:30:36,32.42,B,1600
09:30:36,32.42,B,400
09:30:36,32.42,B,400
09:30:36,32.43,B,700
09:30:36,32.44,B,2000
09:30:36,32.44,B,200
09:30:36,32.45,B,1000
09:30:36,32.45,B,100
09:30:36,32.45,B,2600
09:30:36,32.45,B,1000
09:30:36,32.45,B,1000
09:30:36,32.45,B,1400
09:30:37,32.35,S,10000
09:30:37,32.35,S,2200
09:30:37,32.46,B,200
09:30:37,32.46,B,400
09:30:37,32.46,B,800
09:30:37,32.46,B,400
09:30:37,32.46,B,400
09:30:37,32.46,B,200
09:30:37,32.46,B,700
09:30:37,32.47,B,500
09:30:37,32.47,B,100
09:30:37,32.47,B,400
09:30:37,32.48,B,3500
09:30:37,32.49,B,1600
09:30:37,32.49,B,400
09:30:37,32.49,B,800
09:30:37,32.49,B,100
09:30:37,32.49,B,400
09:30:37,32.49,B,400
09:30:37,32.5,B,500
09:30:37,32.5,B,1300
09:30:37,32.5,B,100
09:30:37,32.5,B,100
09:30:37,32.5,B,500
09:30:37,32.5,B,800
09:30:37,32.5,B,2000
09:30:37,32.5,B,200
09:30:37,32.5,B,400
09:30:37,32.5,B,100
09:30:37,32.5,B,1000
09:30:37,32.5,B,100
09:30:37,32.5,B,500
09:30:37,32.5,B,500
09:30:37,32.5,B,200
09:30:37,32.5,B,400
09:30:37,32.35,S,100
09:30:37,32.35,S,2900
09:30:38,32.5,B,100
09:30:38,32.36,B,2000
09:30:38,32.36,B,500
09:30:38,32.35,S,1000
09:30:38,32.35,S,400
09:30:39,32.36,B,1700
09:30:39,32.36,B,1500
09:30:39,32.36,B,1400
09:30:39,32.36,B,200
09:30:39,32.35,S,900
09:30:39,32.36,B,300
09:30:39,32.35,S,6400
09:30:39,32.35,S,1000
09:30:39,32.35,S,300
09:30:40,32.35,S,2200
09:30:40,32.36,B,200
09:30:40,32.36,B,200
09:30:40,32.35,S,3000
09:30:40,32.36,B,600
09:30:40,32.35,S,2900
09:30:40,32.36,B,600
09:30:40,32.36,B,200
09:30:41,32.36,B,300
09:30:41,32.38,B,100
09:30:41,32.39,B,400
09:30:42,32.39,B,300
09:30:42,32.39,B,400
09:30:42,32.39,B,200
09:30:42,32.4,B,2400
09:30:42,32.4,B,200
09:30:43,32.35,S,6300
09:30:43,32.35,S,200
09:30:43,32.35,S,1000
09:30:43,32.34,S,800
09:30:43,32.33,S,200
09:30:43,32.33,S,200
09:30:43,32.33,S,600
09:30:43,32.33,S,100
09:30:43,32.33,S,100
09:30:43,32.33,S,600
09:30:43,32.33,S,200
09:30:43,32.33,S,500
09:30:43,32.33,S,900
09:30:43,32.33,S,3500
09:30:43,32.4,B,2000
09:30:43,32.4,B,300
09:30:43,32.4,B,2000
09:30:44,32.4,B,800
09:30:44,32.39,S,100
09:30:44,32.39,B,400
09:30:44,32.4,B,1400
09:30:44,32.4,B,3900
09:30:44,32.36,S,500
09:30:44,32.4,B,2300
09:30:44,32.4,B,4000
09:30:45,32.36,S,500
09:30:45,32.33,S,500
09:30:45,32.4,B,100
09:30:45,32.4,B,100
09:30:45,32.4,B,300
09:30:45,32.4,B,100
09:30:46,32.33,S,600
09:30:46,32.33,S,800
09:30:46,32.33,S,600
09:30:46,32.33,S,600
09:30:46,32.33,S,2000
09:30:46,32.39,S,500
09:30:46,32.33,S,200
09:30:46,32.34,S,2500
09:30:46,32.33,S,8200
09:30:46,32.33,S,4000
09:30:46,32.4,B,200
09:30:46,32.4,B,700
09:30:46,32.4,B,700
09:30:47,32.39,S,600
09:30:47,32.39,S,700
09:30:47,32.4,B,300
09:30:47,32.4,B,1000
09:30:47,32.4,B,700
09:30:47,32.39,S,100
09:30:47,32.39,S,400
09:30:47,32.39,S,1000
09:30:47,32.39,B,300
09:30:47,32.4,B,300
09:30:47,32.4,B,5600
09:30:47,32.39,S,200
09:30:47,32.4,B,400
09:30:47,32.4,B,2000
09:30:48,32.39,S,2300
09:30:48,32.4,B,300
09:30:48,32.4,B,600
09:30:48,32.39,S,500
09:30:48,32.39,S,1000
09:30:48,32.4,B,200
09:30:48,32.39,S,600
09:30:48,32.39,S,300
09:30:48,32.39,S,100
09:30:48,32.36,S,900
09:30:48,32.36,S,1000
09:30:48,32.35,S,400
09:30:48,32.39,B,200
09:30:48,32.39,B,200
09:30:48,32.39,B,500
09:30:49,32.39,B,700
09:30:49,32.4,B,2100
09:30:49,32.38,B,1000
09:30:49,32.4,B,500
09:30:49,32.4,B,1000
09:30:49,32.35,S,600
09:30:49,32.35,S,400
09:30:49,32.35,S,1500
09:30:49,32.35,S,500
09:30:49,32.33,S,300
09:30:49,32.4,B,300
09:30:49,32.4,B,300
09:30:49,32.35,B,700
09:30:49,32.4,B,1100
09:30:49,32.4,B,600
09:30:49,32.4,B,1000
09:30:50,32.4,B,200
09:30:50,32.4,B,100
09:30:50,32.4,B,200
09:30:50,32.36,S,500
09:30:50,32.33,S,200
09:30:50,32.4,B,600
09:30:50,32.4,B,300
09:30:50,32.33,S,200
09:30:50,32.4,B,100
09:30:50,32.35,B,100
09:30:50,32.35,B,10000
09:30:50,32.33,S,4300
09:30:50,32.33,S,500
09:30:50,32.33,S,400
09:30:50,32.33,S,1700
09:30:50,32.33,S,2000
09:30:50,32.33,S,200
09:30:50,32.33,S,1000
09:30:50,32.33,S,200
09:30:50,32.32,S,700
09:30:50,32.31,S,6700
09:30:50,32.3,S,3000
09:30:50,32.3,S,200
09:30:50,32.35,B,500
09:30:50,32.35,B,1000
09:30:51,32.3,S,200
09:30:51,32.35,B,3000
09:30:51,32.35,B,200
09:30:51,32.3,S,100
09:30:51,32.35,B,1200
09:30:51,32.35,B,100
09:30:51,32.35,B,1000
09:30:51,32.35,B,2900
09:30:51,32.4,B,25900
09:30:51,32.33,S,200
09:30:52,32.33,S,200
09:30:52,32.3,S,300
09:30:52,32.4,B,2500
09:30:52,32.4,B,400
09:30:52,32.4,B,300
09:30:52,32.4,B,400
09:30:52,32.4,B,500
09:30:52,32.4,B,1300
09:30:52,32.38,S,200
09:30:52,32.33,S,1000
09:30:52,32.3,S,100
09:30:52,32.4,B,400
09:30:52,32.39,B,300
09:30:52,32.39,B,500
09:30:52,32.36,S,200
09:30:52,32.35,B,700
09:30:52,32.35,B,300
09:30:52,32.35,B,100
09:30:52,32.3,S,100
09:30:52,32.3,S,100
09:30:52,32.33,B,900
09:30:52,32.35,B,4600
09:30:53,32.35,B,1000
09:30:53,32.35,B,500
09:30:53,32.35,B,100
09:30:53,32.33,S,600
09:30:53,32.35,B,300
09:30:53,32.33,S,200
09:30:53,32.35,B,2200
09:30:53,32.38,B,5400
09:30:53,32.39,B,200
09:30:53,32.33,S,500
09:30:53,32.39,B,10000
09:30:54,32.35,B,200
09:30:54,32.33,S,3000
09:30:54,32.33,S,700
09:30:54,32.33,S,600
09:30:54,32.33,B,100
09:30:54,32.35,B,3900
09:30:54,32.35,B,1000
09:30:54,32.3,S,900
09:30:54,32.3,S,100
09:30:54,32.3,S,1000
09:30:54,32.3,S,500
09:30:54,32.35,B,5200
09:30:54,32.31,S,800
09:30:55,32.34,B,400
09:30:55,32.34,B,100
09:30:55,32.35,B,11000
09:30:55,32.31,S,1700
09:30:55,32.35,B,1000
09:30:55,32.35,B,200
09:30:55,32.35,B,100
09:30:55,32.35,B,500
09:30:55,32.35,B,200
09:30:55,32.31,S,1000
09:30:55,32.35,B,200
09:30:55,32.35,B,400
09:30:55,32.35,B,200
09:30:56,32.35,B,9500
09:30:56,32.35,B,500
09:30:56,32.35,B,600
09:30:56,32.35,B,2000
09:30:56,32.35,B,1500
09:30:56,32.35,B,300
09:30:56,32.35,B,500
09:30:56,32.35,B,600
09:30:56,32.35,B,500
09:30:56,32.33,B,1000
09:30:56,32.33,B,500
09:30:57,32.33,B,300
09:30:57,32.31,S,600
09:30:57,32.31,S,1500
09:30:57,32.33,B,300
09:30:57,32.33,B,1800
09:30:57,32.33,B,500
09:30:57,32.33,B,800
09:30:57,32.33,B,200
09:30:57,32.33,B,1000
09:30:57,32.33,B,200
09:30:57,32.31,S,1000
09:30:57,32.31,S,1200
09:30:57,32.33,B,300
09:30:57,32.33,B,3100
09:30:57,32.35,B,1900
09:30:57,32.35,B,1700
09:30:57,32.35,B,1000
09:30:57,32.35,B,100
09:30:57,32.31,S,500
09:30:57,32.35,B,500
09:30:58,32.35,B,1700
09:30:58,32.35,B,3300
09:30:58,32.35,B,400
09:30:58,32.35,B,500
09:30:58,32.35,B,100
09:30:58,32.34,B,200
09:30:58,32.35,B,800
09:30:58,32.35,B,1200
09:30:58,32.33,S,100
09:30:58,32.31,S,700
09:30:58,32.35,B,100
09:30:58,32.35,B,100
09:30:58,32.35,B,200
09:30:58,32.33,B,100
09:30:58,32.35,B,400
09:30:58,32.35,B,300
09:30:58,32.35,B,500
09:30:58,32.35,B,10000
09:30:58,32.35,B,600
09:30:58,32.35,B,1400
09:30:58,32.35,B,100
09:30:58,32.35,B,800
09:30:58,32.35,B,100
09:30:58,32.36,B,2600
09:30:58,32.37,B,1800
09:30:58,32.37,B,2100
09:30:58,32.37,B,500
09:30:58,32.37,B,200
09:30:58,32.31,S,1000
09:30:58,32.3,S,1500
09:30:58,32.3,S,29000
09:30:58,32.3,S,100
09:30:58,32.3,S,200
09:30:58,32.3,S,5000
09:30:58,32.3,S,1000
09:30:58,32.3,S,900
09:30:58,32.3,S,400
09:30:58,32.3,S,200
09:30:58,32.3,B,500
09:30:58,32.29,S,1000
09:30:58,32.28,S,100
09:30:58,32.28,S,100
09:30:58,32.28,S,2000
09:30:58,32.26,S,800
09:30:58,32.26,S,400
09:30:58,32.25,S,4713
09:30:59,32.3,B,300
09:30:59,32.28,B,300
09:30:59,32.3,B,800
09:30:59,32.25,S,100
09:30:59,32.3,B,100
09:30:59,32.3,B,200
09:30:59,32.3,B,1000
09:30:59,32.3,B,1000
09:30:59,32.3,B,500
09:30:59,32.3,B,6300
09:30:59,32.3,B,200
09:30:59,32.25,S,600
09:30:59,32.3,B,300
09:30:59,32.25,S,1000
09:30:59,32.25,S,500
09:30:59,32.25,S,1200
09:31:00,32.25,S,2400
09:31:00,32.3,B,1000
09:31:00,32.3,B,100
09:31:00,32.3,B,1100
09:31:00,32.3,B,100
09:31:00,32.3,B,200
09:31:00,32.3,B,500
09:31:00,32.3,B,200
09:31:00,32.3,B,500
09:31:00,32.3,B,1000
09:31:00,32.3,B,600
09:31:00,32.3,B,500
09:31:00,32.3,B,3800
09:31:00,32.3,B,200
09:31:00,32.3,B,100
09:31:01,32.3,B,100
09:31:01,32.3,B,500
09:31:01,32.3,B,300
09:31:01,32.3,B,200
09:31:01,32.3,B,200
09:31:01,32.3,B,1000
09:31:01,32.3,B,200
09:31:01,32.3,B,200
09:31:01,32.25,S,2700
09:31:01,32.28,B,800
09:31:01,32.28,B,100
09:31:02,32.28,B,500
09:31:02,32.28,B,400
09:31:02,32.3,B,600
09:31:02,32.25,S,300
09:31:02,32.3,B,2000
09:31:02,32.3,B,200
09:31:02,32.3,B,300
09:31:02,32.29,S,300
09:31:02,32.25,S,100
09:31:02,32.3,B,2100
09:31:02,32.25,S,300
09:31:02,32.3,B,300
09:31:02,32.3,B,300
09:31:02,32.3,B,100
09:31:02,32.3,B,900
09:31:02,32.3,B,900
09:31:02,32.3,B,300
09:31:02,32.3,B,100
09:31:02,32.3,B,1000
09:31:02,32.25,S,1100
09:31:02,32.3,B,100
09:31:02,32.3,B,200
09:31:03,32.3,B,1000
09:31:03,32.3,B,200
09:31:03,32.3,B,1000
09:31:03,32.3,B,4800
09:31:03,32.3,B,400
09:31:03,32.3,B,500
09:31:03,32.3,B,500
09:31:03,32.3,B,300
09:31:03,32.3,B,1000
09:31:03,32.3,B,1000
09:31:03,32.3,B,1000
09:31:04,32.3,B,200
09:31:04,32.3,B,300
09:31:04,32.3,B,400
09:31:04,32.3,B,100
09:31:04,32.3,B,100
09:31:04,32.3,B,1000
09:31:04,32.3,B,100
09:31:04,32.3,B,200
09:31:04,32.3,B,500
09:31:04,32.3,B,300
09:31:04,32.3,B,100
09:31:04,32.3,B,200
09:31:04,32.3,B,1000
09:31:04,32.31,B,500
09:31:04,32.33,B,1600
09:31:04,32.33,B,100
09:31:05,32.33,B,200
09:31:05,32.33,B,200
09:31:05,32.33,B,100
09:31:05,32.33,B,100
09:31:05,32.26,B,200
09:31:05,32.33,B,600
09:31:05,32.33,B,100
09:31:05,32.33,B,200
09:31:05,32.33,B,100
09:31:05,32.33,B,400
09:31:05,32.34,B,100
09:31:05,32.35,B,400
09:31:05,32.31,B,500
09:31:06,32.31,B,300
09:31:06,32.3,B,100
09:31:06,32.31,B,200
09:31:06,32.31,B,300
09:31:06,32.34,B,1000
09:31:06,32.35,B,1000
09:31:06,32.25,S,200
09:31:06,32.25,S,1100
09:31:06,32.26,B,100
09:31:06,32.33,B,1000
09:31:06,32.35,B,300
09:31:06,32.25,S,3500
09:31:06,32.3,B,400
09:31:06,32.35,B,2100
09:31:06,32.35,B,200
09:31:06,32.34,S,100
09:31:06,32.25,S,1387
09:31:06,32.25,S,13
09:31:07,32.3,B,200
09:31:07,32.25,S,1000
09:31:07,32.3,B,100
09:31:07,32.3,B,200
09:31:07,32.3,B,200
09:31:07,32.35,B,100
09:31:07,32.35,B,300
09:31:07,32.35,B,1600
09:31:07,32.25,S,300
09:31:07,32.35,B,1800
09:31:07,32.35,B,900
09:31:07,32.25,S,1687
09:31:07,32.24,S,17213
09:31:07,32.32,B,500
09:31:07,32.3,S,10000
09:31:07,32.32,B,200
09:31:07,32.32,B,300
09:31:07,32.35,B,1100
09:31:07,32.35,B,200
09:31:07,32.3,S,1000
09:31:07,32.35,B,1700
09:31:08,32.35,B,100
09:31:08,32.35,B,1100
09:31:08,32.35,B,200
09:31:08,32.36,B,100
09:31:08,32.36,B,400
09:31:08,32.3,S,400
09:31:08,32.36,B,600
09:31:08,32.36,B,400
09:31:08,32.3,S,1000
09:31:08,32.3,S,6400
09:31:08,32.24,S,900
09:31:08,32.24,S,100
09:31:08,32.24,S,3100
09:31:08,32.24,S,700
09:31:08,32.3,B,100
09:31:08,32.3,B,900
09:31:08,32.35,S,2100
09:31:08,32.33,S,200
09:31:08,32.33,S,500
09:31:08,32.26,B,1000
09:31:08,32.36,B,1000
09:31:08,32.36,B,6200
09:31:08,32.36,B,100
09:31:08,32.36,B,400
09:31:08,32.36,B,200
09:31:08,32.36,B,3000
09:31:08,32.36,B,400
09:31:08,32.36,B,1000
09:31:08,32.36,B,200
09:31:08,32.36,B,1000
09:31:08,32.36,B,300
09:31:08,32.36,B,200
09:31:08,32.36,B,500
09:31:08,32.36,B,200
09:31:08,32.36,B,300
09:31:08,32.36,B,500
09:31:08,32.37,B,300
09:31:08,32.39,B,9000
09:31:08,32.39,B,5100
09:31:08,32.39,B,100
09:31:08,32.39,B,100
09:31:08,32.39,B,1000
09:31:08,32.39,B,1000
09:31:08,32.39,B,1000
09:31:08,32.39,B,200
09:31:08,32.39,B,200
09:31:08,32.39,B,1000
09:31:08,32.39,B,500
09:31:08,32.39,B,500
09:31:08,32.39,B,300
09:31:08,32.39,B,3300
09:31:08,32.39,B,200
09:31:08,32.39,B,100
09:31:08,32.39,B,500
09:31:08,32.39,B,100
09:31:08,32.39,B,1000
09:31:08,32.4,B,3000
09:31:08,32.3,B,200
09:31:08,32.25,B,200
09:31:08,32.25,B,100
09:31:09,32.24,S,300
09:31:09,32.24,S,900
09:31:09,32.24,S,400
09:31:09,32.24,S,400
09:31:09,32.25,B,300
09:31:09,32.25,B,200
09:31:09,32.25,B,100
09:31:09,32.24,S,500
09:31:09,32.24,S,100
09:31:09,32.23,S,400
09:31:09,32.25,B,1000
09:31:09,32.25,B,100
09:31:09,32.25,B,100
09:31:09,32.25,B,300
09:31:09,32.25,B,300
09:31:09,32.23,S,100
09:31:09,32.23,S,400
09:31:10,32.25,B,300
09:31:10,32.23,S,1300
09:31:10,32.23,S,1000
09:31:10,32.23,S,100
09:31:10,32.22,S,300
09:31:10,32.21,S,100
09:31:10,32.2,S,700
09:31:10,32.2,S,300
09:31:10,32.2,S,1000
09:31:10,32.2,S,500
09:31:10,32.2,S,2500
09:31:10,32.2,S,100
09:31:10,32.2,S,600
09:31:10,32.2,S,1000
09:31:10,32.2,S,400
09:31:10,32.2,S,300
09:31:10,32.2,S,500
09:31:10,32.2,S,100
09:31:10,32.2,S,1000
09:31:10,32.2,S,1000
09:31:10,32.2,S,100
09:31:10,32.2,S,1500
09:31:10,32.2,S,200
09:31:10,32.2,S,1000
09:31:10,32.2,S,100
09:31:10,32.2,S,400
09:31:10,32.2,S,100
09:31:10,32.2,S,500
09:31:10,32.2,S,1400
09:31:10,32.2,S,500
09:31:10,32.19,S,500
09:31:10,32.15,S,1000
09:31:10,32.14,S,400
09:31:10,32.11,S,9500
09:31:10,32.25,B,2200
09:31:10,32.3,B,7800
09:31:10,32.11,S,200
09:31:10,32.2,B,200
09:31:10,32.2,B,300
09:31:10,32.2,B,200
09:31:10,32.2,B,200
09:31:10,32.2,B,100
09:31:11,32.2,B,2000
09:31:11,32.25,B,2800
09:31:11,32.25,B,1000
09:31:11,32.25,B,1500
09:31:11,32.25,B,4800
09:31:11,32.25,B,3000
09:31:11,32.25,B,1000
09:31:11,32.25,B,600
09:31:11,32.25,B,200
09:31:11,32.11,S,100
09:31:11,32.25,B,400
09:31:11,32.25,B,100
09:31:12,32.25,B,500
09:31:12,32.25,B,100
09:31:12,32.25,B,1100
09:31:12,32.25,B,1100
09:31:12,32.25,B,200
09:31:12,32.28,B,500
09:31:12,32.3,B,2200
09:31:12,32.3,B,900
09:31:12,32.3,B,300
09:31:12,32.3,B,500
09:31:12,32.3,B,1000
09:31:12,32.31,B,2200
09:31:12,32.25,B,300
09:31:12,32.22,B,100
09:31:12,32.22,B,300
09:31:12,32.25,B,200
09:31:12,32.25,B,1500
09:31:12,32.25,B,200
09:31:12,32.25,B,200
09:31:12,32.25,B,800
09:31:12,32.25,B,400
09:31:12,32.25,B,600
09:31:12,32.25,B,300
09:31:12,32.25,B,1400
09:31:13,32.25,B,200
09:31:13,32.25,B,500
09:31:13,32.25,B,200
09:31:13,32.3,B,200
09:31:13,32.3,B,200
09:31:13,32.3,B,200
09:31:13,32.3,B,100
09:31:13,32.3,B,1000
09:31:13,32.3,B,1000
09:31:13,32.3,B,1200
09:31:13,32.31,B,3000
09:31:13,32.24,B,200
09:31:13,32.24,B,200
09:31:13,32.24,B,200
09:31:13,32.11,S,100
09:31:13,32.24,B,200
09:31:13,32.24,B,200
09:31:13,32.24,B,200
09:31:13,32.24,B,200
09:31:13,32.24,B,200
09:31:13,32.24,B,200
09:31:13,32.24,B,200
09:31:13,32.23,B,800
09:31:13,32.24,B,3000
09:31:13,32.3,B,400
09:31:13,32.3,B,200
09:31:13,32.3,B,200
09:31:13,32.27,S,200
09:31:13,32.3,B,200
09:31:13,32.27,S,200
09:31:13,32.25,B,100
09:31:13,32.3,B,200
09:31:13,32.3,B,500
09:31:13,32.3,B,200
09:31:13,32.3,B,200
09:31:13,32.3,B,700
09:31:14,32.3,B,1000
09:31:14,32.11,S,300
09:31:14,32.11,S,100
09:31:14,32.13,B,200
09:31:14,32.13,B,800
09:31:14,32.3,B,100
09:31:14,32.3,B,100
09:31:14,32.11,S,5000
09:31:15,32.25,B,200
09:31:15,32.25,B,100
09:31:15,32.25,B,100
09:31:15,32.18,B,700
09:31:15,32.18,B,3300
09:31:15,32.25,B,900
09:31:15,32.25,B,1200
09:31:15,32.25,B,100
09:31:15,32.25,B,1200
09:31:15,32.25,B,400
09:31:15,32.27,B,300
09:31:15,32.3,B,6800
09:31:15,32.11,S,500
09:31:15,32.3,B,500
09:31:15,32.25,B,1000
09:31:16,32.25,B,500
09:31:16,32.25,B,2000
09:31:16,32.22,B,1000
09:31:16,32.22,B,200
09:31:17,32.22,B,1300
09:31:17,32.22,B,400
09:31:17,32.23,B,700
09:31:17,32.2,S,500
09:31:17,32.11,S,100
09:31:17,32.11,S,600
09:31:17,32.2,B,100
09:31:17,32.22,B,200
09:31:17,32.23,B,1300
09:31:17,32.25,B,300
09:31:17,32.25,B,800
09:31:17,32.25,B,2800
09:31:17,32.25,B,100
09:31:17,32.3,B,18700
09:31:17,32.3,B,500
09:31:17,32.3,B,3200
09:31:17,32.3,B,200
09:31:17,32.23,B,1100
09:31:17,32.11,S,600
09:31:18,32.17,B,100
09:31:18,32.17,B,300
09:31:18,32.17,B,400
09:31:18,32.11,S,500
09:31:18,32.17,B,4200
09:31:18,32.2,B,2000
09:31:18,32.11,S,100
09:31:18,32.2,B,200
09:31:18,32.2,B,300
09:31:18,32.22,B,700
09:31:19,32.22,B,300
09:31:19,32.23,B,800
09:31:19,32.23,B,300
09:31:19,32.23,B,100
09:31:19,32.23,B,400
09:31:19,32.23,B,300
09:31:19,32.23,B,200
09:31:19,32.23,B,300
09:31:19,32.24,B,500
09:31:19,32.25,B,400
09:31:19,32.25,B,1900
09:31:19,32.25,B,100
09:31:19,32.25,B,100
09:31:19,32.11,S,2300
09:31:19,32.1,S,10000
09:31:19,32.1,S,2000
09:31:19,32.1,S,2000
09:31:19,32.1,S,100
09:31:19,32.1,S,9800
09:31:19,32.1,S,200
09:31:19,32.05,S,100
09:31:19,32.0,S,100
09:31:19,32.0,S,200
09:31:19,32.0,S,500
09:31:19,32.0,S,500
09:31:19,32.0,S,300
09:31:19,32.0,S,100
09:31:19,32.0,S,200
09:31:19,32.0,S,600
09:31:19,32.1,B,100
09:31:19,32.11,B,300
09:31:19,32.25,B,2400
09:31:19,32.25,B,2100
09:31:19,32.25,B,500
09:31:19,32.25,B,300
09:31:19,32.25,B,200
09:31:19,32.26,B,100
09:31:20,32.11,B,100
09:31:20,32.0,S,700
09:31:20,32.11,B,300
09:31:20,32.19,B,100
09:31:20,32.19,B,900
09:31:20,32.2,B,100
09:31:20,32.11,B,200
09:31:20,32.11,B,200
09:31:20,32.11,B,100
09:31:20,32.2,B,400
09:31:20,32.11,B,100
09:31:20,32.15,B,100
09:31:20,32.15,B,100
09:31:21,32.0,S,2000
09:31:21,32.11,B,200
09:31:21,32.0,S,1700
09:31:21,32.0,S,2000
09:31:21,32.0,S,500
09:31:21,32.0,S,100
09:31:21,32.0,S,1000
09:31:21,32.0,S,4000
09:31:21,32.0,S,1000
09:31:21,32.0,S,100
09:31:21,32.0,S,1000
09:31:21,32.0,S,100
09:31:21,32.0,S,1600
09:31:21,32.0,S,100
09:31:21,32.0,S,1000
09:31:21,32.11,B,200
09:31:21,32.0,S,1000
09:31:21,31.99,S,100
09:31:21,31.99,S,500
09:31:21,32.11,B,100
09:31:22,31.99,S,400
09:31:22,31.99,S,100
09:31:22,31.99,S,400
09:31:22,31.99,S,200
09:31:22,31.99,S,400
09:31:22,32.11,B,100
09:31:22,32.11,B,500
09:31:22,32.11,B,500
09:31:22,32.11,B,200
09:31:22,32.11,B,600
09:31:22,32.11,B,600
09:31:22,32.11,B,300
09:31:22,32.11,B,100
09:31:22,32.15,B,3200
09:31:22,32.14,B,200
09:31:22,32.14,B,200
09:31:22,32.1,S,200
09:31:23,32.14,B,200
09:31:23,32.14,B,1800
09:31:23,32.15,B,200
09:31:23,32.1,S,800
09:31:23,32.1,B,2200
09:31:23,32.15,B,2800
09:31:23,32.15,B,100
09:31:24,32.05,B,400
09:31:24,32.05,B,400
09:31:24,32.05,B,200
09:31:24,32.08,B,100
09:31:24,32.15,B,2500
09:31:24,32.15,B,2000
09:31:24,32.0,B,100
09:31:24,32.0,B,100
09:31:24,32.1,B,100
09:31:25,32.1,B,100
09:31:25,32.1,B,100
09:31:25,32.1,B,600
09:31:25,32.12,B,200
09:31:25,32.11,B,200
09:31:25,32.12,B,400
09:31:25,32.15,B,500
09:31:25,32.15,B,1100
09:31:25,32.11,B,600
09:31:25,32.0,S,200
09:31:26,32.0,B,600
09:31:26,32.0,B,100
09:31:26,32.0,B,2000
09:31:26,32.0,B,200
09:31:26,32.0,B,100
09:31:27,32.0,B,400
09:31:27,32.0,B,100
09:31:27,32.0,B,1000
09:31:27,32.0,B,300
09:31:27,32.0,B,400
09:31:27,32.0,B,100
09:31:27,32.1,B,600
09:31:27,31.99,S,600
09:31:27,31.89,S,7880
09:31:27,32.1,B,500
09:31:27,31.89,S,200
09:31:27,32.1,B,500
09:31:27,32.1,B,200
09:31:28,32.1,B,2200
09:31:28,32.1,B,500
09:31:28,32.1,B,100
09:31:28,32.11,B,100
09:31:28,32.11,B,100
09:31:28,32.11,B,100
09:31:28,32.11,B,300
09:31:28,32.11,B,1400
09:31:28,32.11,B,800
09:31:28,32.0,B,1200
09:31:28,32.0,B,800
09:31:28,32.04,B,800
09:31:28,32.04,B,500
09:31:28,32.11,B,1500
09:31:28,32.11,B,500
09:31:28,32.11,B,500
09:31:29,32.11,B,100
09:31:29,32.11,B,300
09:31:29,31.89,S,1900
09:31:29,32.0,B,300
09:31:29,31.89,S,1000
09:31:29,32.0,B,500
09:31:30,32.0,B,100
09:31:30,32.0,B,300
09:31:30,31.89,S,200
09:31:30,31.89,S,1000
09:31:30,31.89,S,15820
09:31:30,31.85,S,1900
09:31:30,31.8,S,600
09:31:30,31.8,S,100
09:31:30,31.8,S,300
09:31:30,31.8,S,1600
09:31:30,31.8,S,5000
09:31:30,31.8,S,200
09:31:30,31.8,S,500
09:31:30,31.8,S,2000
09:31:30,31.8,S,300
09:31:30,31.8,S,200
09:31:30,31.8,S,300
09:31:30,31.8,S,1180
09:31:30,32.0,B,2000
09:31:31,31.91,S,500
09:31:31,32.0,B,1100
09:31:31,32.0,B,200
09:31:31,31.91,S,5800
09:31:31,32.0,B,100
09:31:31,32.0,B,400
09:31:31,32.0,B,1000
09:31:31,32.0,B,700
09:31:31,32.0,B,100
09:31:31,31.91,S,3700
09:31:32,32.0,B,1000
09:31:32,32.0,B,2200
09:31:32,32.0,B,200
09:31:32,32.0,B,700
09:31:32,32.0,B,200
09:31:32,31.91,S,10000
09:31:32,31.8,S,100
09:31:32,31.8,S,1500
09:31:32,31.99,B,400
09:31:32,32.0,B,600
09:31:32,32.0,B,300
09:31:32,32.0,B,100
09:31:32,32.0,B,500
09:31:32,32.0,B,600
09:31:32,32.0,B,200
09:31:32,32.0,B,500
09:31:32,32.0,B,300
09:31:32,32.0,B,400
09:31:32,32.07,B,500
09:31:32,32.1,B,1700
09:31:32,31.8,S,1720
09:31:32,31.8,B,2000
09:31:32,31.8,B,500
09:31:33,31.8,B,5780
09:31:33,32.1,B,3300
09:31:33,32.11,B,100
09:31:33,32.11,B,1100
09:31:33,32.11,B,800
09:31:33,32.11,B,800
09:31:33,32.11,B,1300
09:31:33,32.11,B,300
09:31:33,32.11,B,20
09:31:33,31.79,S,100
09:31:33,31.99,B,200
09:31:33,31.97,B,200
09:31:33,31.97,B,100
09:31:33,31.97,B,100
09:31:34,31.97,B,400
09:31:34,31.97,B,400
09:31:34,31.97,B,2300
09:31:34,31.99,B,100
09:31:34,31.99,B,1000
09:31:34,32.0,B,1000
09:31:34,32.0,B,100
09:31:34,32.0,B,200
09:31:34,32.09,B,300
09:31:34,32.0,B,700
09:31:34,32.0,B,100
09:31:35,32.0,B,400
09:31:35,32.0,B,600
09:31:35,32.0,B,800
09:31:35,32.0,B,1700
09:31:35,32.0,B,100
09:31:35,32.0,B,2500
09:31:35,32.0,B,1100
09:31:36,32.0,B,800
09:31:36,32.0,B,300
09:31:36,32.0,B,300
09:31:36,32.0,B,1600
09:31:36,32.0,B,200
09:31:36,32.0,B,100
09:31:36,32.0,B,14600
09:31:36,32.0,B,600
09:31:36,32.0,B,400
09:31:36,32.0,B,900
09:31:36,32.0,B,1500
09:31:36,32.0,B,500
09:31:36,32.0,B,200
09:31:36,32.05,B,200
09:31:36,32.08,B,2000
09:31:36,32.09,B,1700
09:31:36,32.09,B,800
09:31:36,32.1,B,1000
09:31:36,32.11,B,280
09:31:36,32.11,B,100
09:31:36,32.11,B,400
09:31:36,32.11,B,100
09:31:36,32.11,B,1500
09:31:36,32.11,B,300
09:31:36,32.11,B,100
09:31:36,32.11,B,2000
09:31:36,32.11,B,200
09:31:36,32.11,B,500
09:31:36,32.11,B,100
09:31:36,32.11,B,400
09:31:36,32.11,B,1300
09:31:36,32.11,B,400
09:31:36,32.12,B,200
09:31:36,32.14,B,1212
09:31:36,32.15,B,1800
09:31:36,32.16,B,9400
09:31:36,32.19,B,100
09:31:36,32.2,B,500
09:31:36,32.2,B,1000
09:31:36,32.2,B,2000
09:31:36,32.2,B,1708
09:31:36,32.11,S,1700
09:31:37,32.11,S,100
09:31:37,32.2,B,100
09:31:37,32.11,S,3000
09:31:37,32.11,S,1000
09:31:37,32.15,B,400
09:31:37,32.2,B,5700
09:31:37,32.11,S,1000
09:31:37,32.19,S,200
09:31:37,32.11,S,100
09:31:37,32.11,S,100
09:31:37,32.01,S,2300
09:31:37,32.01,S,1800
09:31:37,32.0,S,800
09:31:37,32.0,S,400
09:31:37,31.99,B,500
09:31:37,31.81,S,1500
09:31:37,31.99,B,500
09:31:37,31.99,B,3000
09:31:38,32.0,S,400
09:31:38,32.11,B,1000
09:31:38,32.0,S,900
09:31:38,32.2,B,300
09:31:38,32.0,S,400
09:31:38,32.11,S,400
09:31:38,32.11,S,200
09:31:38,32.2,B,100
09:31:39,32.11,S,400
09:31:39,32.1,S,100
09:31:39,32.03,S,400
09:31:39,32.0,S,100
09:31:39,32.2,B,500
09:31:39,32.2,B,1000
09:31:39,32.13,S,100
09:31:39,32.12,S,100
09:31:39,32.05,S,100
09:31:39,32.0,S,100
09:31:39,32.15,S,100
09:31:39,32.0,S,900
09:31:40,32.2,B,500
09:31:40,32.2,B,1000
09:31:40,32.11,S,300
09:31:40,32.11,S,200
09:31:40,32.11,S,400
09:31:40,32.11,S,300
09:31:40,32.11,S,1500
09:31:40,32.11,S,3500
09:31:40,32.11,S,1500
09:31:40,32.11,S,200
09:31:40,32.11,S,2600
09:31:40,32.11,S,100
09:31:40,32.0,S,3800
09:31:40,32.0,S,300
09:31:40,32.0,S,500
09:31:40,32.0,S,200
09:31:40,32.0,S,600
09:31:40,32.0,B,1100
09:31:41,32.0,B,3700
09:31:41,32.0,B,500
09:31:41,32.0,B,200
09:31:41,31.99,B,200
09:31:41,31.99,B,200
09:31:41,31.99,B,600
09:31:41,31.99,B,100
09:31:42,31.99,B,300
09:31:42,31.99,B,200
09:31:42,31.99,B,300
09:31:42,31.99,B,200
09:31:42,31.99,B,100
09:31:42,32.0,B,9700
09:31:42,32.0,B,1900
09:31:42,32.0,B,500
09:31:42,32.0,B,200
09:31:42,32.0,B,200
09:31:42,32.0,B,200
09:31:42,32.0,B,200
09:31:42,32.0,B,200
09:31:42,32.0,B,200
09:31:42,32.0,B,100
09:31:42,31.91,B,300
09:31:42,31.91,B,2100
09:31:43,31.91,B,100
09:31:43,32.0,B,1900
09:31:43,31.88,S,200
09:31:43,31.82,S,300
09:31:43,32.0,B,100
09:31:43,31.82,S,1000
09:31:43,31.81,S,500
09:31:43,31.81,S,2500
09:31:43,32.0,B,100
09:31:43,31.91,B,100
09:31:43,31.91,B,200
09:31:43,31.99,B,400
09:31:44,31.99,B,100
09:31:44,32.0,B,3400
09:31:44,32.0,B,1000
09:31:44,32.0,B,2100
09:31:44,31.91,S,200
09:31:44,32.0,B,1000
09:31:44,31.99,B,100
09:31:44,31.99,B,100
09:31:44,32.0,B,300
09:31:44,32.0,B,200
09:31:44,31.91,S,500
09:31:45,31.91,S,400
09:31:45,31.81,S,100
09:31:45,32.0,B,1100
09:31:45,32.0,B,100
09:31:45,31.91,B,100
09:31:45,31.91,B,2400
09:31:46,31.91,B,200
09:31:46,31.91,B,200
09:31:46,31.89,B,100
09:31:46,31.91,B,100
09:31:46,32.0,B,2100
09:31:46,32.0,B,300
09:31:46,31.89,B,500
09:31:46,31.94,B,6500
09:31:47,31.94,B,100
09:31:47,31.82,S,700
09:31:47,31.94,B,300
09:31:47,31.94,B,1500
09:31:47,31.94,B,3000
09:31:47,31.82,S,400
09:31:47,31.81,S,200
09:31:48,31.91,B,300
09:31:48,31.81,S,300
09:31:48,31.81,S,3000
09:31:49,31.88,B,300
09:31:49,31.88,B,500
09:31:49,31.88,B,300
09:31:49,31.81,S,1600
09:31:49,31.88,B,400
09:31:49,31.88,B,500
09:31:49,31.88,B,2200
09:31:49,31.89,B,1400
09:31:49,31.89,B,800
09:31:49,31.81,S,1900
09:31:50,31.89,B,100
09:31:50,31.89,B,500
09:31:50,31.81,S,800
09:31:50,31.89,B,100
09:31:50,31.89,B,100
09:31:50,31.91,B,600
09:31:50,31.91,B,100
09:31:50,31.91,B,300
09:31:50,31.91,B,600
09:31:50,31.91,B,200
09:31:50,31.94,B,800
09:31:51,31.89,B,500
09:31:51,31.89,B,1000
09:31:51,31.89,B,500
09:31:51,31.94,B,10000
09:31:51,31.95,B,1400
09:31:51,31.99,B,4500
09:31:51,32.0,B,2600
09:31:51,32.0,B,500
09:31:51,32.0,B,4000
09:31:51,32.0,B,100
09:31:51,32.0,B,10000
09:31:51,32.0,B,2000
09:31:51,32.0,B,200
09:31:51,32.0,B,500
09:31:51,32.0,B,500
09:31:51,32.0,B,700
09:31:51,32.0,B,300
09:31:51,32.0,B,200
09:31:51,32.0,B,600
09:31:51,32.0,B,1200
09:31:51,32.0,B,500
09:31:51,32.0,B,3000
09:31:51,32.0,B,5000
09:31:51,32.0,B,900
09:31:51,32.0,B,400
09:31:51,32.0,B,400
09:31:51,31.88,S,200
09:31:51,32.0,B,300
09:31:51,32.0,B,100
09:31:51,32.0,B,500
09:31:51,32.0,B,500
09:31:51,32.0,B,100
09:31:51,32.0,B,300
09:31:51,31.88,S,100
09:31:51,32.0,B,100
09:31:51,32.0,B,500
09:31:51,32.0,B,300
09:31:51,32.0,B,500
09:31:51,32.0,B,200
09:31:51,32.0,B,500
09:31:51,32.0,B,300
09:31:51,32.0,B,1000
09:31:51,32.0,B,2000
09:31:51,32.0,B,1000
09:31:51,32.0,B,400
09:31:51,32.0,B,1700
09:31:51,32.0,B,100
09:31:51,32.0,B,4500
09:31:51,32.0,B,100
09:31:51,31.88,S,600
09:31:51,31.88,S,100
09:31:51,31.88,S,200
09:31:51,32.0,B,200
09:31:51,32.0,B,200
09:31:52,31.99,B,400
09:31:52,32.0,B,100
09:31:52,32.0,B,400
09:31:52,32.0,B,100
09:31:52,32.0,B,1500
09:31:52,31.88,S,200
09:31:52,31.88,S,100
09:31:52,31.81,S,700
09:31:52,32.0,B,400
09:31:52,32.0,B,100
09:31:52,32.0,B,100
09:31:52,32.0,B,900
09:31:52,32.0,B,300
09:31:52,31.89,B,100
09:31:52,31.89,B,200
09:31:52,31.89,B,100
09:31:52,31.89,B,100
09:31:52,32.0,B,1300
09:31:52,32.0,B,500
09:31:52,32.0,B,200
09:31:52,32.0,B,700
09:31:52,32.0,B,300
09:31:52,32.0,B,500
09:31:52,32.01,B,1300
09:31:53,31.82,S,500
09:31:53,32.0,S,300
09:31:53,32.0,S,700
09:31:53,32.0,S,1100
09:31:53,32.01,B,100
09:31:53,32.01,B,300
09:31:53,32.01,B,400
09:31:53,32.0,S,100
09:31:53,32.0,S,300
09:31:54,32.01,B,2900
09:31:54,32.01,B,300
09:31:54,32.11,B,400
09:31:54,32.11,B,100
09:31:54,32.11,B,300
09:31:54,32.11,B,300
09:31:54,32.11,B,2500
09:31:54,32.0,S,200
09:31:54,32.0,S,700
09:31:54,32.0,S,200
09:31:54,32.11,B,800
09:31:54,32.0,S,400
09:31:54,32.0,S,400
09:31:54,32.0,S,100
09:31:54,32.0,S,500
09:31:54,32.0,S,100
09:31:55,32.0,S,200
09:31:55,32.0,S,400
09:31:55,32.0,S,500
09:31:55,32.0,S,9200
09:31:55,32.11,B,1000
09:31:55,32.0,S,100
09:31:55,32.0,S,400
09:31:55,32.0,S,500
09:31:55,32.11,B,300
09:31:55,32.0,S,200
09:31:56,32.0,S,300
09:31:56,32.0,S,100
09:31:56,32.11,B,100
09:31:56,32.0,S,1000
09:31:56,32.0,S,700
09:31:56,32.11,B,100
09:31:57,32.0,S,2500
09:31:57,32.0,S,1100
09:31:57,32.0,S,700
09:31:57,32.0,S,200
09:31:57,32.0,S,300
09:31:57,32.0,S,1100
09:31:57,32.0,S,100
09:31:57,32.0,S,600
09:31:57,32.0,S,100
09:31:57,32.0,S,100
09:31:57,32.0,S,100
09:31:57,32.0,S,3100
09:31:57,32.0,S,100
09:31:57,32.0,S,200
09:31:57,32.0,S,1000
09:31:57,32.0,S,1100
09:31:57,32.0,S,100
09:31:57,32.0,S,100
09:31:57,31.88,S,200
09:31:57,31.86,S,500
09:31:57,31.82,S,1500
09:31:57,31.81,S,3100
09:31:57,32.0,B,300
09:31:57,32.1,B,100
09:31:57,32.1,S,100
09:31:57,32.11,B,100
09:31:57,32.1,S,2000
09:31:58,32.1,S,1000
09:31:58,32.0,S,200
09:31:58,31.91,S,800
09:31:58,31.91,S,200
09:31:58,31.89,B,500
09:31:58,31.89,B,300
09:31:58,31.89,B,100
09:31:58,31.99,B,600
09:31:58,31.81,S,800
09:31:58,31.81,S,400
09:31:58,31.99,B,1100
09:31:58,31.89,B,200
09:31:58,31.81,S,1500
09:31:58,31.81,S,300
09:31:59,31.81,S,2000
09:31:59,31.89,B,300
09:31:59,31.99,B,100
09:31:59,31.99,B,1200
09:31:59,31.99,B,800
09:31:59,31.99,B,5000
09:31:59,31.91,S,400
09:31:59,31.99,B,1000
09:31:59,31.91,S,2000
09:31:59,31.91,S,100
09:31:59,31.81,S,8800
09:31:59,31.81,S,30000
09:31:59,31.81,S,1000
09:31:59,31.8,S,400
09:31:59,31.8,S,300
09:31:59,31.8,S,1000
09:31:59,31.8,S,200
09:31:59,31.79,S,700
09:31:59,31.79,S,300
09:31:59,31.79,S,1200
09:31:59,31.79,S,500
09:31:59,31.79,B,300
09:31:59,31.79,B,500
09:31:59,31.79,B,400
09:32:00,31.79,B,100
09:32:00,31.79,B,500
09:32:00,31.78,S,500
09:32:00,31.78,S,200
09:32:00,31.78,S,3000
09:32:00,31.77,S,400
09:32:00,31.79,B,100
09:32:00,31.77,S,100
09:32:00,31.76,S,200
09:32:00,31.76,S,900
09:32:01,31.79,B,100
09:32:01,31.79,B,1900
09:32:01,31.79,B,500
09:32:01,31.79,B,4400
09:32:01,31.79,B,20000
09:32:01,31.76,S,100
09:32:01,31.76,S,200
09:32:01,31.79,B,200
09:32:01,31.79,B,1000
09:32:01,31.79,B,3500
09:32:01,31.8,B,200
09:32:01,31.81,B,1600
09:32:01,31.81,B,300
09:32:01,31.81,B,100
09:32:01,31.87,B,5000
09:32:01,31.89,B,100
09:32:01,31.91,B,600
09:32:01,31.91,B,300
09:32:01,31.99,B,3200
09:32:01,32.0,B,1000
09:32:01,32.0,B,1600
09:32:01,32.0,B,200
09:32:01,32.0,B,300
09:32:01,32.11,B,12000
09:32:02,31.85,B,100
09:32:02,31.85,B,900
09:32:02,31.88,B,3500
09:32:02,31.88,B,700
09:32:02,31.88,B,200
09:32:02,31.88,B,100
09:32:02,31.88,B,5500
09:32:02,31.94,B,300
09:32:02,32.0,B,500
09:32:02,32.0,S,100
09:32:02,32.0,S,200
09:32:03,32.0,S,500
09:32:03,32.0,S,2000
09:32:03,32.0,S,500
09:32:03,32.09,B,300
09:32:03,32.09,B,300
09:32:03,32.09,B,100
09:32:03,32.11,B,3100
09:32:03,32.11,B,1800
09:32:03,32.11,B,100
09:32:03,32.11,B,400
09:32:04,32.0,S,700
09:32:04,32.0,S,2000
09:32:04,32.0,S,1100
09:32:04,32.0,S,200
09:32:04,32.0,S,1000
09:32:04,32.0,S,1900
09:32:04,32.0,S,1800
09:32:05,32.11,B,200
09:32:05,32.0,S,1000
09:32:05,32.0,S,1000
09:32:05,32.0,S,1000
09:32:05,32.0,S,200
09:32:05,32.0,S,1000
09:32:05,32.0,S,900
09:32:06,32.0,S,1700
09:32:06,32.0,S,300
09:32:06,32.0,S,500
09:32:06,32.1,B,100
09:32:06,32.11,B,100
09:32:06,32.0,S,3400
09:32:06,32.0,S,200
09:32:06,32.0,S,1400
09:32:06,32.0,S,1000
09:32:06,32.0,S,1500
09:32:07,32.0,S,700
09:32:07,32.0,S,4000
09:32:07,32.0,S,3100
09:32:07,32.0,S,1000
09:32:07,32.0,S,600
09:32:07,32.0,S,9100
09:32:07,32.11,B,100
09:32:07,32.0,S,2000
09:32:07,32.0,S,5800
09:32:07,32.0,S,5300
09:32:07,32.0,S,1000
09:32:07,32.0,S,100
09:32:07,32.0,S,200
09:32:07,32.0,S,200
09:32:07,32.0,S,500
09:32:07,32.0,S,100
09:32:07,32.0,S,100
09:32:07,32.0,S,1500
09:32:07,32.0,S,100
09:32:07,32.0,S,100
09:32:07,31.99,S,600
09:32:07,31.97,S,200
09:32:08,31.97,S,800
09:32:08,31.97,S,1200
09:32:08,31.97,S,500
09:32:08,32.0,S,100
09:32:08,32.0,S,100
09:32:08,31.97,S,400
09:32:08,31.97,S,100
09:32:09,31.97,S,300
09:32:09,31.97,S,3000
09:32:09,31.95,S,800
09:32:09,31.95,S,3600
09:32:09,31.94,S,200
09:32:09,31.91,S,100
09:32:09,31.89,S,1000
09:32:09,31.89,S,100
09:32:09,31.89,S,100
09:32:09,31.89,S,200
09:32:09,31.89,S,400
09:32:09,31.81,S,100
09:32:09,31.76,S,400
09:32:09,31.76,S,100
09:32:09,31.75,S,400
09:32:09,31.75,S,100
09:32:09,31.8,B,100
09:32:09,31.8,B,100
09:32:10,31.79,B,2900
09:32:10,31.79,B,300
09:32:10,31.79,B,200
09:32:10,31.79,B,1000
09:32:11,31.79,B,700
09:32:11,31.8,B,1800
09:32:11,31.8,B,7500
09:32:11,31.78,B,100
09:32:11,31.8,B,400
09:32:11,31.76,S,700
09:32:11,31.8,B,5000
09:32:11,31.76,S,300
09:32:11,31.79,B,2500
09:32:11,31.8,B,7700
09:32:12,31.8,B,1000
09:32:12,31.8,B,100
09:32:12,31.8,B,1000
09:32:12,31.79,S,500
09:32:12,31.79,S,500
09:32:12,31.8,B,1000
09:32:12,31.8,B,500
09:32:12,31.79,S,1500
09:32:12,31.8,B,100
09:32:12,31.8,B,200
09:32:13,31.79,S,700
09:32:13,31.8,B,10600
09:32:13,31.81,B,1000
09:32:13,31.81,B,100
09:32:13,31.81,B,900
09:32:13,31.81,B,400
09:32:13,31.81,B,1800
09:32:13,31.81,B,200
09:32:13,31.81,B,100
09:32:13,31.88,B,400
09:32:13,31.89,B,1400
09:32:13,31.94,B,300
09:32:13,31.99,S,300
09:32:13,31.99,S,1600
09:32:13,32.0,B,100
09:32:13,32.0,B,200
09:32:13,32.0,B,3000
09:32:13,32.0,B,800
09:32:13,31.99,S,700
09:32:13,31.99,S,200
09:32:13,31.99,S,2800
09:32:14,32.0,B,500
09:32:14,32.0,B,500
09:32:14,32.0,B,500
09:32:14,31.99,S,1000
09:32:14,32.0,B,600
09:32:14,31.99,S,1300
09:32:14,31.99,S,300
09:32:14,31.99,S,5000
09:32:14,32.0,B,1000
09:32:14,31.99,S,300
09:32:14,32.0,B,100
09:32:14,31.99,S,1000
09:32:14,31.99,S,3000
09:32:14,31.99,S,4800
09:32:14,32.0,B,400
09:32:14,32.0,B,200
09:32:14,32.0,B,100
09:32:15,32.0,B,1900
09:32:15,32.0,B,2000
09:32:15,32.0,B,200
09:32:15,32.0,B,1000
09:32:15,32.0,B,500
09:32:15,32.0,B,500
09:32:15,32.0,B,600
09:32:15,32.0,B,200
09:32:15,32.0,B,600
09:32:15,32.0,B,200
09:32:15,32.0,B,5000
09:32:15,32.0,B,5000
09:32:15,32.0,B,700
09:32:15,32.0,B,100
09:32:15,32.0,B,1000
09:32:15,31.99,S,300
09:32:15,32.0,B,200
09:32:15,32.0,B,300
09:32:15,32.0,B,400
09:32:15,32.0,B,300
09:32:15,32.0,B,200
09:32:15,32.0,B,900
09:32:15,32.0,B,100
09:32:15,31.99,S,200
09:32:15,31.97,S,200
09:32:15,31.89,S,100
09:32:15,31.89,S,100
09:32:15,31.89,S,100
09:32:15,31.9,B,300
09:32:15,31.89,S,200
09:32:15,31.9,B,700
09:32:15,31.94,S,600
09:32:16,31.94,S,200
09:32:16,31.94,S,300
09:32:16,31.89,S,500
09:32:16,31.89,S,1700
09:32:16,31.89,S,500
09:32:16,31.88,S,500
09:32:16,31.83,S,1000
09:32:16,31.82,S,5000
09:32:16,31.81,S,2000
09:32:16,31.81,S,1000
09:32:16,31.79,S,600
09:32:16,31.81,B,900
09:32:17,31.81,B,500
09:32:17,31.81,B,100
09:32:17,31.8,S,400
09:32:17,31.8,S,600
09:32:17,31.79,S,300
09:32:17,31.79,S,2100
09:32:17,31.81,B,300
09:32:17,31.81,B,100
09:32:17,31.79,S,300
09:32:17,31.81,B,100
09:32:17,31.8,B,500
09:32:17,31.8,B,500
09:32:17,31.81,B,300
09:32:18,31.8,S,1000
09:32:18,31.81,B,200
09:32:18,32.0,B,200
09:32:18,32.0,B,100
09:32:18,32.0,B,500
09:32:18,31.91,S,300
09:32:18,31.8,S,200
09:32:18,32.0,B,100
09:32:18,32.0,B,200
09:32:18,32.0,B,100
09:32:18,32.0,B,200
09:32:19,32.0,B,200
09:32:19,31.89,S,200
09:32:19,31.88,B,200
09:32:19,31.99,B,500
09:32:20,31.89,S,800
09:32:20,31.99,B,500
09:32:20,32.0,B,300
09:32:20,32.0,B,100
09:32:20,32.0,B,200
09:32:20,31.89,S,900
09:32:20,31.82,S,700
09:32:20,31.81,B,400
09:32:20,31.89,S,200
09:32:20,32.0,B,1700
09:32:20,32.0,B,200
09:32:21,31.89,S,700
09:32:21,31.89,S,100
09:32:22,31.89,S,200
09:32:22,31.89,S,100
09:32:22,31.89,S,500
09:32:22,31.84,S,1000
09:32:22,31.81,S,500
09:32:22,31.8,S,4200
09:32:22,31.8,S,500
09:32:22,32.0,B,100
09:32:22,31.8,S,700
09:32:23,32.0,B,2000
09:32:23,31.94,S,300
09:32:23,31.94,S,200
09:32:23,31.94,S,1500
09:32:23,31.89,S,200
09:32:23,31.89,S,100
09:32:23,31.95,B,400
09:32:23,31.95,B,600
09:32:23,31.99,B,100
09:32:24,31.96,B,300
09:32:24,31.99,B,1700
09:32:24,31.99,B,500
09:32:25,31.94,B,100
09:32:25,31.89,S,1500
09:32:25,31.94,B,200
09:32:25,31.89,S,200
09:32:25,31.83,S,100
09:32:25,31.8,S,700
09:32:25,31.94,B,100
09:32:25,31.94,B,100
09:32:26,32.0,B,300
09:32:26,32.0,B,500
09:32:26,32.0,B,400
09:32:26,32.0,B,100
09:32:26,32.0,B,1500
09:32:26,32.0,B,100
09:32:26,32.0,B,100
09:32:26,32.0,B,600
09:32:26,32.0,B,600
09:32:26,32.0,B,900
09:32:26,32.0,B,1100
09:32:26,32.0,B,300
09:32:26,32.0,B,300
09:32:26,32.0,B,400
09:32:26,31.8,S,500
09:32:26,31.8,S,700
09:32:26,32.0,B,100
09:32:27,31.94,B,100
09:32:27,32.0,B,500
09:32:27,32.0,B,500
09:32:28,31.82,S,100
09:32:28,31.99,B,2000
09:32:29,31.99,B,3300
09:32:29,31.99,B,100
09:32:29,31.82,S,400
09:32:29,31.82,S,400
09:32:29,31.81,S,200
09:32:29,31.8,S,400
09:32:29,31.81,B,100
09:32:29,31.81,B,200
09:32:29,31.99,B,4000
09:32:29,31.99,B,2300
09:32:29,31.99,B,200
09:32:30,31.99,B,1000
09:32:30,31.99,B,200
09:32:30,31.99,B,800
09:32:30,31.96,B,2000
09:32:30,31.96,B,400
09:32:30,31.99,B,600
09:32:30,31.99,B,100
09:32:30,31.9,S,100
09:32:30,31.99,B,1000
09:32:31,31.99,B,4400
09:32:31,32.0,B,200
09:32:31,32.0,B,1900
09:32:31,32.0,B,1700
09:32:31,32.0,B,800
09:32:31,32.0,B,1600
09:32:31,32.0,B,4400
09:32:31,31.9,S,200
09:32:31,31.9,S,500
09:32:31,31.88,S,1000
09:32:31,31.8,S,1100
09:32:31,31.8,S,400
09:32:31,31.8,S,600
09:32:31,31.8,S,1000
09:32:31,31.8,S,1000
09:32:31,31.8,S,200
09:32:31,31.8,S,1100
09:32:31,31.8,S,2000
09:32:31,31.8,S,100
09:32:31,32.0,B,200
09:32:31,31.89,S,500
09:32:31,31.8,S,700
09:32:31,31.8,S,100
09:32:31,31.8,S,1000
09:32:31,31.8,S,100
09:32:31,31.79,S,1100
09:32:31,31.79,S,100
09:32:31,31.79,S,6400
09:32:31,32.0,B,1600
09:32:32,32.0,B,200
09:32:32,31.86,S,100
09:32:32,32.0,B,300
09:32:32,32.0,B,400
09:32:32,31.89,S,200
09:32:32,31.97,B,200
09:32:32,32.0,B,900
09:32:33,31.89,S,200
09:32:33,31.94,B,4400
09:32:33,31.89,S,1000
09:32:33,31.94,B,500
09:32:34,31.94,B,600
09:32:34,31.89,S,400
09:32:34,31.94,B,100
09:32:34,31.94,B,700
09:32:34,31.94,B,100
09:32:34,31.97,B,300
09:32:34,32.0,B,2300
09:32:34,31.99,B,400
09:32:34,32.0,B,1100
09:32:34,31.94,S,1000
09:32:34,32.0,B,100
09:32:34,31.94,S,200
09:32:34,31.94,S,800
09:32:35,31.94,S,300
09:32:35,31.94,S,340
09:32:35,31.99,B,100
09:32:35,31.99,B,1400
09:32:35,31.99,B,800
09:32:36,32.0,B,3000
09:32:36,31.94,S,100
09:32:36,32.0,B,100
09:32:36,31.94,S,260
09:32:36,31.9,S,240
09:32:36,31.9,S,860
09:32:36,31.9,B,200
09:32:36,31.89,S,1200
09:32:36,31.89,S,300
09:32:36,31.89,S,900
09:32:36,31.89,S,1000
09:32:36,31.86,S,800
09:32:36,31.81,S,600
09:32:36,31.8,S,7200
09:32:36,31.79,S,2400
09:32:36,31.79,S,600
09:32:36,31.79,S,100
09:32:36,31.79,S,600
09:32:36,31.79,S,1000
09:32:36,31.79,S,500
09:32:36,31.79,S,100
09:32:36,31.79,S,100
09:32:36,31.79,S,100
09:32:36,31.79,S,100
09:32:36,31.79,S,300
09:32:36,31.79,S,10500
09:32:36,31.9,B,900
09:32:36,31.79,S,1500
09:32:36,31.9,B,300
09:32:36,31.82,B,500
09:32:36,31.9,B,2100
09:32:37,31.8,S,500
09:32:37,31.89,B,3000
09:32:37,31.9,B,5640
09:32:37,31.98,B,300
09:32:37,31.96,S,300
09:32:37,31.96,S,200
09:32:37,31.98,B,600
09:32:37,31.98,B,100
09:32:37,31.99,B,200
09:32:37,31.96,S,600
09:32:37,31.96,S,1000
09:32:38,31.99,B,100
09:32:38,31.99,B,2000
09:32:38,32.0,B,7900
09:32:38,31.96,S,100
09:32:38,31.96,S,2000
09:32:39,31.96,S,1000
09:32:39,31.96,S,160
09:32:39,31.94,S,700
09:32:39,31.89,S,200
09:32:39,31.82,B,1000
09:32:39,31.82,B,1440
09:32:39,31.99,B,500
09:32:39,31.99,B,60
09:32:39,31.99,B,100
09:32:39,31.82,B,100
09:32:39,31.99,B,200
09:32:39,31.99,B,1140
09:32:39,32.0,B,500
09:32:40,31.99,S,200
09:32:40,31.99,S,1400
09:32:40,31.99,S,1260
09:32:40,31.99,S,500
09:32:40,31.99,S,940
09:32:40,32.0,B,700
09:32:40,31.99,S,100
09:32:40,32.0,B,1000
09:32:40,31.99,S,200
09:32:40,32.0,B,100
09:32:40,31.99,S,14000
09:32:40,31.99,S,400
09:32:41,31.99,S,600
09:32:41,31.99,S,3760
09:32:41,31.95,B,100
09:32:41,31.89,B,200
09:32:41,31.89,B,100
09:32:41,31.81,S,400
09:32:41,31.8,S,2400
09:32:41,31.95,B,1000
09:32:41,31.95,B,300
09:32:42,31.94,S,300
09:32:42,31.94,S,400
09:32:42,31.94,S,200
09:32:42,31.94,S,200
09:32:42,31.94,S,100
09:32:42,31.95,B,500
09:32:42,31.94,S,400
09:32:42,31.89,S,100
09:32:42,31.89,B,2000
09:32:42,31.8,S,2100
09:32:42,31.8,S,700
09:32:42,31.8,S,4000
09:32:42,31.8,S,500
09:32:43,31.8,B,600
09:32:43,31.79,S,100
09:32:43,31.8,B,1000
09:32:43,31.8,B,500
09:32:43,31.8,B,1600
09:32:43,31.89,B,1600
09:32:43,31.89,B,900
09:32:43,31.89,B,300
09:32:43,31.89,B,100
09:32:43,31.79,S,400
09:32:44,31.89,B,100
09:32:44,31.89,B,200
09:32:44,31.89,B,400
09:32:44,31.89,B,1000
09:32:44,31.89,B,200
09:32:44,31.89,B,500
09:32:44,31.9,B,1000
09:32:44,31.94,B,400
09:32:44,31.94,B,100
09:32:44,31.95,B,400
09:32:44,31.94,B,100
09:32:44,31.94,S,1100
09:32:44,31.84,B,1000
09:32:45,31.82,S,100
09:32:45,31.79,S,900
09:32:45,31.84,B,700
09:32:45,31.84,B,100
09:32:45,31.83,S,300
09:32:45,31.8,S,100
09:32:45,31.84,B,200
09:32:46,31.84,B,1500
09:32:46,31.84,B,400
09:32:46,31.88,B,300
09:32:46,31.9,B,300
09:32:46,31.8,S,200
09:32:46,31.8,B,500
09:32:46,31.8,B,2000
09:32:46,31.8,B,200
09:32:46,31.8,B,1000
09:32:47,31.8,B,200
09:32:47,31.8,B,200
09:32:47,31.8,B,100
09:32:47,31.8,B,1200
09:32:47,31.8,B,500
09:32:47,31.8,B,100
09:32:47,31.8,B,500
09:32:48,31.8,B,300
09:32:48,31.82,B,500
09:32:48,31.82,B,100
09:32:48,31.82,B,1000
09:32:48,31.82,B,600
09:32:49,31.82,B,1100
09:32:49,31.82,B,100
09:32:49,31.79,S,100
09:32:49,31.82,B,3100
09:32:49,31.82,B,100
09:32:49,31.89,B,200
09:32:49,31.89,B,200
09:32:50,31.89,B,1000
09:32:50,31.9,B,100
09:32:50,31.9,B,200
09:32:50,31.9,B,200
09:32:50,31.9,B,3400
09:32:50,31.93,B,400
09:32:50,31.94,S,3200
09:32:50,31.95,B,2000
09:32:50,31.95,B,1500
09:32:51,31.95,B,2400
09:32:51,31.94,S,300
09:32:51,31.94,S,2700
09:32:51,31.95,B,1000
09:32:51,31.94,S,500
09:32:51,31.94,S,500
09:32:51,31.95,B,1000
09:32:51,31.94,S,2900
09:32:51,31.94,S,100
09:32:51,31.94,S,100
09:32:51,31.95,B,300
09:32:51,31.95,B,1000
09:32:51,31.95,B,4740
09:32:51,31.96,B,500
09:32:51,31.97,B,2500
09:32:51,31.98,B,1060
09:32:52,31.96,S,500
09:32:52,31.96,S,500
09:32:52,31.94,S,600
09:32:52,31.94,S,500
09:32:52,31.94,S,200
09:32:52,31.9,S,300
09:32:52,31.89,S,500
09:32:52,31.82,S,700
09:32:52,31.8,S,2100
09:32:52,31.8,S,200
09:32:52,31.8,S,200
09:32:52,31.8,S,100
09:32:52,31.79,S,500
09:32:52,31.8,B,100
09:32:52,31.8,B,1000
09:32:52,31.8,B,100
09:32:53,31.8,B,200
09:32:53,31.8,B,100
09:32:53,31.8,B,100
09:32:53,31.8,B,500
09:32:53,31.8,B,500
09:32:53,31.8,B,1100
09:32:53,31.8,B,500
09:32:53,31.8,B,1500
09:32:53,31.91,B,2000
09:32:53,31.98,B,3940
09:32:53,31.98,B,300
09:32:53,31.99,B,360
09:32:53,31.94,B,700
09:32:53,31.99,B,40
09:32:53,31.99,B,3000
09:32:53,31.99,B,560
09:32:54,31.99,B,100
09:32:54,31.99,B,100
09:32:54,31.94,S,100
09:32:54,31.84,S,600
09:32:54,31.8,S,500
09:32:54,31.8,S,100
09:32:54,31.8,B,400
09:32:54,31.8,B,700
09:32:54,31.8,B,400
09:32:55,31.8,B,100
09:32:55,31.8,B,100
09:32:55,31.9,B,500
09:32:55,31.9,B,400
09:32:55,31.79,S,400
09:32:55,31.9,B,100
09:32:55,31.94,B,100
09:32:55,31.9,B,100
09:32:55,31.94,B,1400
09:32:55,31.99,B,1340
09:32:55,31.99,B,300
09:32:55,31.99,B,300
09:32:55,31.99,B,300
09:32:55,31.99,B,1260
09:32:56,31.99,B,1000
09:32:56,31.99,B,500
09:32:56,31.95,S,100
09:32:56,31.84,S,1100
09:32:56,31.83,S,1100
09:32:56,31.8,S,1000
09:32:56,31.8,S,300
09:32:56,31.87,S,100
09:32:56,31.87,B,1400
09:32:56,31.99,B,4800
09:32:56,31.8,S,700
09:32:57,31.99,B,40
09:32:57,31.99,B,100
09:32:57,31.99,B,560
09:32:57,31.99,B,100
09:32:57,31.99,B,140
09:32:57,31.99,B,100
09:32:57,31.99,B,300
09:32:57,31.99,B,200
09:32:57,32.0,B,260
09:32:57,32.0,B,140
09:32:57,32.0,B,160
09:32:58,31.99,S,900
09:32:58,32.0,B,100
09:32:58,31.99,S,100
09:32:59,31.99,B,100
09:32:59,31.99,B,100
09:32:59,31.99,B,100
09:32:59,32.0,B,100
09:32:59,32.0,B,200
09:32:59,32.0,B,900
09:32:59,32.0,B,700
09:32:59,32.0,B,1000
09:33:00,31.99,S,5000
09:33:00,31.95,B,1100
09:33:00,31.95,B,1100
09:33:00,31.95,B,1000
09:33:00,31.95,B,100
09:33:00,31.95,B,400
09:33:00,31.95,B,600
09:33:01,31.95,B,1800
09:33:01,31.94,B,5100
09:33:01,31.94,B,500
09:33:01,31.94,B,200
09:33:01,31.94,B,200
09:33:01,31.95,B,500
09:33:01,31.94,S,100
09:33:01,31.95,B,1000
09:33:02,31.95,B,500
09:33:02,31.94,S,100
09:33:02,31.95,B,300
09:33:02,31.95,B,100
09:33:02,31.95,B,2000
09:33:02,31.94,S,3000
09:33:02,31.95,B,1700
09:33:03,31.94,S,800
09:33:03,31.94,S,1000
09:33:03,31.94,S,800
09:33:04,31.94,S,200
09:33:04,31.95,B,400
09:33:04,31.95,B,100
09:33:04,31.95,B,3100
09:33:04,31.95,B,1300
09:33:04,31.95,B,300
09:33:04,31.95,B,200
09:33:04,31.94,S,2700
09:33:05,31.95,B,1600
09:33:05,31.94,S,300
09:33:05,31.94,S,100
09:33:05,31.95,B,2000
09:33:06,31.94,S,1000
09:33:06,31.94,S,1500
09:33:06,31.94,S,500
09:33:06,31.94,S,500
09:33:06,31.94,B,400
09:33:06,31.94,B,200
09:33:06,31.94,B,100
09:33:06,31.94,B,100
09:33:06,31.94,B,1300
09:33:06,31.94,B,100
09:33:06,31.94,B,500
09:33:06,31.94,B,1800
09:33:07,31.9,S,100
09:33:07,31.94,B,200
09:33:07,31.9,S,2100
09:33:07,31.9,S,100
09:33:07,31.94,B,500
09:33:07,31.9,S,900
09:33:07,31.89,S,500
09:33:07,31.89,S,1100
09:33:07,31.89,S,300
09:33:07,31.89,S,100
09:33:07,31.89,S,200
09:33:07,31.89,S,100
09:33:07,31.89,S,200
09:33:07,31.84,S,500
09:33:07,31.84,S,400
09:33:07,31.84,S,100
09:33:07,31.84,S,300
09:33:07,31.84,S,100
09:33:07,31.84,S,100
09:33:07,31.84,S,300
09:33:07,31.84,S,1400
09:33:07,31.84,S,300
09:33:07,31.84,S,3100
09:33:07,31.84,S,300
09:33:07,31.9,B,200
09:33:08,31.9,B,2000
09:33:08,31.84,S,200
09:33:09,31.89,S,200
09:33:09,31.84,S,500
09:33:09,31.84,S,300
09:33:09,31.9,B,300
09:33:09,31.9,B,100
09:33:09,31.9,B,100
09:33:09,31.9,B,2300
09:33:09,31.9,B,1000
09:33:09,31.9,B,500
09:33:09,31.94,B,200
09:33:10,31.84,S,300
09:33:10,31.84,S,1000
09:33:10,31.87,B,1000
09:33:10,31.84,S,300
09:33:10,31.87,B,100
09:33:10,31.87,B,900
09:33:10,31.87,B,900
09:33:11,31.9,B,100
09:33:11,31.9,B,900
09:33:11,31.89,S,4700
09:33:11,31.84,S,200
09:33:11,31.82,S,900
09:33:11,31.9,B,100
09:33:11,31.9,B,100
09:33:11,31.9,B,500
09:33:11,31.94,B,100
09:33:11,31.94,B,100
09:33:11,31.94,B,200
09:33:11,31.94,B,1400
09:33:11,31.94,B,1000
09:33:11,31.95,B,3800
09:33:11,31.95,B,500
09:33:11,31.95,B,6500
09:33:11,31.95,B,700
09:33:11,31.94,B,100
09:33:11,31.95,B,400
09:33:11,31.89,S,400
09:33:12,31.89,S,300
09:33:12,31.9,B,100
09:33:12,31.9,B,100
09:33:12,31.9,B,100
09:33:12,31.94,B,200
09:33:12,31.94,B,700
09:33:13,31.9,S,100
09:33:13,31.9,S,100
09:33:13,31.89,S,300
09:33:13,31.82,S,1100
09:33:13,31.82,S,100
09:33:13,31.82,S,600
09:33:13,31.94,B,100
09:33:13,31.85,S,600
09:33:13,31.82,S,400
09:33:13,31.94,B,500
09:33:13,31.94,B,300
09:33:14,31.93,B,5000
09:33:14,31.92,S,200
09:33:14,31.89,S,500
09:33:14,31.86,S,1100
09:33:14,31.85,S,200
09:33:14,31.82,S,1400
09:33:14,31.85,S,500
09:33:14,31.93,B,200
09:33:14,31.94,B,1500
09:33:15,31.94,B,10700
09:33:15,31.94,B,2600
09:33:15,31.89,S,1000
09:33:15,31.94,B,3400
09:33:15,31.94,B,500
09:33:15,31.94,B,100
09:33:15,31.91,B,800
09:33:15,31.9,S,100
09:33:16,31.89,S,200
09:33:16,31.85,S,600
09:33:16,31.9,B,300
09:33:16,31.9,B,100
09:33:16,31.9,B,100
09:33:16,31.85,S,400
09:33:17,31.85,S,1400
09:33:17,31.88,B,100
09:33:17,31.88,B,400
09:33:17,31.89,S,600
09:33:17,31.85,S,2800
09:33:18,31.9,B,1900
09:33:18,31.91,B,1500
09:33:18,31.94,B,300
09:33:18,31.95,B,800
09:33:18,31.94,B,1100
09:33:18,31.94,B,900
09:33:18,31.95,B,2400
09:33:18,31.85,S,200
09:33:18,31.89,S,500
09:33:18,31.93,B,400
09:33:18,31.95,B,100
09:33:19,31.9,S,500
09:33:19,31.9,S,800
09:33:19,31.89,S,400
09:33:19,31.84,S,600
09:33:19,31.82,S,3600
09:33:19,31.81,S,100
09:33:19,31.81,S,1000
09:33:19,31.81,B,300
09:33:19,31.81,B,300
09:33:19,31.81,B,400
09:33:19,31.81,B,500
09:33:19,31.81,B,500
09:33:20,31.8,S,1000
09:33:20,31.8,S,500
09:33:20,31.8,S,200
09:33:20,31.8,S,500
09:33:20,31.8,S,300
09:33:20,31.81,B,1000
09:33:20,31.81,B,1000
09:33:20,31.81,B,700
09:33:20,31.89,B,500
09:33:20,31.84,S,200
09:33:21,31.89,B,100
09:33:21,31.9,B,100
09:33:21,31.9,B,200
09:33:21,31.9,B,100
09:33:21,31.84,S,200
09:33:21,31.81,S,300
09:33:21,31.9,B,200
09:33:21,31.9,B,1000
09:33:21,31.9,B,300
09:33:21,31.9,B,100
09:33:21,31.91,B,100
09:33:21,31.94,B,300
09:33:21,31.94,B,200
09:33:21,31.94,B,200
09:33:21,31.89,B,100
09:33:21,31.81,S,100
09:33:21,31.89,B,1500
09:33:21,31.89,B,1400
09:33:21,31.94,B,100
09:33:21,31.94,B,2000
09:33:21,31.94,B,800
09:33:21,31.94,B,2000
09:33:21,31.94,B,1200
09:33:21,31.94,B,900
09:33:21,31.94,B,500
09:33:21,31.94,S,800
09:33:22,31.94,S,300
09:33:22,31.94,B,300
09:33:22,31.95,B,800
09:33:22,31.95,B,500
09:33:22,31.95,B,200
09:33:23,31.84,S,100
09:33:23,31.84,S,100
09:33:23,31.81,S,900
09:33:23,31.81,S,400
09:33:23,31.84,B,200
09:33:23,31.89,B,100
09:33:23,31.89,B,200
09:33:23,31.9,B,500
09:33:23,31.81,S,100
09:33:23,31.8,S,3300
09:33:23,31.8,S,2000
09:33:23,31.8,S,1300
09:33:23,31.8,S,600
09:33:23,31.8,S,2000
09:33:23,31.8,S,100
09:33:23,31.8,S,10000
09:33:23,31.8,S,400
09:33:23,31.8,S,200
09:33:23,31.8,S,1100
09:33:23,31.8,S,1000
09:33:23,31.8,S,100
09:33:23,31.8,S,900
09:33:23,31.8,S,200
09:33:23,31.8,S,4000
09:33:23,31.8,S,200
09:33:23,31.8,S,200
09:33:23,31.8,S,600
09:33:23,31.8,S,400
09:33:23,31.8,S,200
09:33:23,31.8,S,1100
09:33:23,31.8,S,1000
09:33:23,31.8,S,200
09:33:23,31.8,S,700
09:33:23,31.8,S,500
09:33:23,31.8,S,300
09:33:23,31.8,S,100
09:33:23,31.8,S,400
09:33:23,31.8,S,100
09:33:23,31.8,S,500
09:33:23,31.8,S,1000
09:33:23,31.8,S,800
09:33:23,31.8,S,100
09:33:23,31.8,S,100
09:33:23,31.8,S,100
09:33:23,31.8,S,3000
09:33:23,31.8,S,500
09:33:23,31.8,S,500
09:33:23,31.8,S,1100
09:33:23,31.8,S,200
09:33:23,31.8,S,500
09:33:23,31.8,S,1200
09:33:23,31.8,S,200
09:33:23,31.8,S,200
09:33:23,31.8,S,1300
09:33:23,31.8,S,200
09:33:23,31.8,S,1000
09:33:23,31.8,S,1000
09:33:23,31.8,S,1000
09:33:23,31.8,S,3000
09:33:23,31.8,S,3000
09:33:23,31.8,S,2800
09:33:23,31.8,S,2000
09:33:23,31.8,S,500
09:33:23,31.8,S,500
09:33:23,31.8,S,400
09:33:23,31.8,S,500
09:33:23,31.8,S,100
09:33:23,31.8,S,1000
09:33:23,31.8,S,100
09:33:23,31.79,S,5600
09:33:23,31.79,S,200
09:33:23,31.79,S,1100
09:33:23,31.79,S,2000
09:33:23,31.79,S,100
09:33:23,31.79,S,100
09:33:23,31.79,S,100
09:33:23,31.79,S,200
09:33:23,31.79,S,500
09:33:23,31.79,S,1100
09:33:23,31.79,S,500
09:33:23,31.79,S,500
09:33:23,31.79,S,800
09:33:23,31.79,S,6000
09:33:23,31.79,S,5000
09:33:23,31.79,S,100
09:33:23,31.79,S,100
09:33:23,31.79,S,200
09:33:23,31.79,S,1000
09:33:23,31.79,S,300
09:33:23,31.79,S,1000
09:33:23,31.79,S,1200
09:33:23,31.79,S,100
09:33:23,31.79,S,1000
09:33:23,31.79,S,1000
09:33:23,31.79,S,300
09:33:23,31.79,S,100
09:33:23,31.79,S,200
09:33:23,31.79,S,700
09:33:23,31.79,S,3000
09:33:23,31.79,S,1000
09:33:23,31.79,S,1000
09:33:23,31.79,S,2200
09:33:24,31.9,B,100
09:33:24,31.9,B,100
09:33:24,31.89,B,100
09:33:24,31.8,S,100
09:33:24,31.84,B,400
09:33:25,31.81,B,200
09:33:25,31.81,B,7300
09:33:25,31.84,B,100
09:33:25,31.89,B,200
09:33:25,31.9,B,200
09:33:25,31.9,B,500
09:33:25,31.9,B,500
09:33:26,31.89,B,500
09:33:26,31.85,S,100
09:33:26,31.85,S,300
09:33:26,31.89,B,900
09:33:26,31.89,B,400
09:33:26,31.89,B,400
09:33:26,31.9,B,700
09:33:26,31.9,B,7400
09:33:26,31.9,B,100
09:33:27,31.85,S,500
09:33:27,31.85,S,1000
09:33:27,31.9,B,200
09:33:27,31.92,B,600
09:33:27,31.85,S,300
09:33:27,31.92,B,200
09:33:27,31.94,B,100
09:33:27,31.94,B,700
09:33:27,31.9,B,200
09:33:27,31.9,B,100
09:33:28,31.9,B,100
09:33:28,31.9,B,1800
09:33:28,31.94,B,400
09:33:28,31.94,B,1000
09:33:28,31.85,S,100
09:33:28,31.85,S,1700
09:33:28,31.85,S,500
09:33:28,31.85,S,100
09:33:28,31.85,S,500
09:33:28,31.81,S,200
09:33:29,31.89,B,200
09:33:29,31.89,B,200
09:33:29,31.89,B,200
09:33:29,31.89,B,200
09:33:29,31.84,S,200
09:33:30,31.89,B,200
09:33:30,31.85,B,200
09:33:30,31.84,S,200
09:33:30,31.88,B,900
09:33:30,31.89,B,300
09:33:31,31.89,B,700
09:33:31,31.84,S,800
09:33:31,31.84,S,100
09:33:31,31.84,S,600
09:33:31,31.94,B,300
09:33:31,31.94,B,1200
09:33:31,31.94,B,400
09:33:31,31.84,S,500
09:33:31,31.94,B,1000
09:33:32,31.9,S,300
09:33:32,31.84,S,400
09:33:32,31.84,S,3600
09:33:32,31.85,B,400
09:33:32,31.85,B,3000
09:33:32,31.85,B,1300
09:33:32,31.85,B,100
09:33:33,31.84,S,300
09:33:33,31.84,S,1000
09:33:34,31.84,S,600
09:33:34,31.84,S,1200
09:33:34,31.84,S,900
09:33:34,31.84,S,5400
09:33:34,31.84,S,100
09:33:34,31.82,S,100
09:33:34,31.82,S,500
09:33:34,31.82,S,200
09:33:34,31.82,S,600
09:33:34,31.81,S,4400
09:33:34,31.81,S,3000
09:33:34,31.8,S,200
09:33:34,31.8,S,400
09:33:34,31.8,S,1000
09:33:34,31.8,S,200
09:33:34,31.8,S,300
09:33:34,31.8,S,1000
09:33:34,31.8,S,100
09:33:34,31.8,S,2100
09:33:34,31.8,S,600
09:33:34,31.8,S,100
09:33:34,31.8,S,200
09:33:34,31.8,S,10000
09:33:34,31.8,S,100
09:33:34,31.8,S,600
09:33:34,31.8,S,400
09:33:34,31.8,S,200
09:33:34,31.8,S,2500
09:33:34,31.8,S,300
09:33:34,31.8,S,500
09:33:34,31.8,S,1000
09:33:34,31.8,S,100
09:33:34,31.8,S,400
09:33:34,31.8,S,500
09:33:34,31.8,B,200
09:33:34,31.8,B,1000
09:33:34,31.8,B,5000
09:33:35,31.8,B,300
09:33:35,31.8,B,100
09:33:35,31.8,B,300
09:33:35,31.8,B,200
09:33:36,31.8,B,2000
09:33:36,31.8,B,100
09:33:36,31.8,B,300
09:33:36,31.8,B,600
09:33:36,31.8,B,500
09:33:37,31.8,B,1000
09:33:37,31.8,B,2000
09:33:37,31.8,B,2000
09:33:37,31.8,B,300
09:33:37,31.8,B,5100
09:33:38,31.8,B,5600
09:33:38,31.8,B,800
09:33:38,31.8,B,3000
09:33:38,31.8,B,30000
09:33:38,31.8,B,100
09:33:38,31.8,B,100
09:33:38,31.8,B,600
09:33:39,31.8,B,400
09:33:39,31.8,B,100
09:33:39,31.8,B,700
09:33:39,31.8,B,500
09:33:39,31.8,B,600
09:33:39,31.8,B,200
09:33:39,31.8,B,200
09:33:39,31.8,B,200
09:33:39,31.8,B,500
09:33:39,31.8,B,500
09:33:39,31.8,B,1500
09:33:39,31.8,B,100
09:33:39,31.8,B,200
09:33:39,31.8,B,400
09:33:39,31.8,B,300
09:33:39,31.8,B,500
09:33:39,31.8,B,1300
09:33:39,31.8,B,200
09:33:39,31.8,B,15080
09:33:39,31.8,B,900
09:33:39,31.8,B,300
09:33:39,31.81,B,100
09:33:39,31.83,B,200
09:33:39,31.84,B,200
09:33:40,31.83,B,1000
09:33:40,31.84,B,100
09:33:40,31.84,B,900
09:33:40,31.84,B,2000
09:33:40,31.84,B,700
09:33:40,31.84,B,100
09:33:40,31.84,S,1000
09:33:40,31.85,B,100
09:33:40,31.85,B,500
09:33:40,31.84,S,500
09:33:40,31.84,S,1000
09:33:40,31.84,S,400
09:33:41,31.84,S,100
09:33:41,31.81,S,400
09:33:41,31.81,S,200
09:33:41,31.81,S,10720
09:33:41,31.81,S,100
09:33:41,31.81,S,100
09:33:41,31.81,S,300
09:33:41,31.81,S,100
09:33:41,31.81,S,1000
09:33:41,31.81,S,1200
09:33:41,31.81,S,200
09:33:41,31.81,S,500
09:33:41,31.8,S,1000
09:33:41,31.8,S,100
09:33:41,31.8,S,100
09:33:41,31.79,S,2800
09:33:41,31.79,S,500
09:33:41,31.79,S,200
09:33:41,31.79,S,200
09:33:41,31.79,S,200
09:33:41,31.79,S,500
09:33:41,31.79,S,500
09:33:41,31.79,S,500
09:33:41,31.79,S,500
09:33:41,31.79,S,1900
09:33:41,31.79,S,100
09:33:41,31.79,S,100
09:33:41,31.79,S,500
09:33:41,31.79,S,300
09:33:41,31.79,S,500
09:33:41,31.79,S,800
09:33:41,31.79,S,300
09:33:41,31.79,S,1000
09:33:41,31.79,S,100
09:33:41,31.78,S,500
09:33:41,31.78,S,1000
09:33:41,31.78,S,100
09:33:41,31.78,S,100
09:33:41,31.78,S,200
09:33:41,31.78,S,5000
09:33:41,31.78,B,200
09:33:42,31.77,S,600
09:33:42,31.77,S,300
09:33:42,31.76,S,100
09:33:42,31.76,S,700
09:33:42,31.76,S,1100
09:33:42,31.76,S,600
09:33:42,31.76,S,6600
09:33:42,31.78,B,1080
09:33:42,31.85,B,300
09:33:42,31.85,B,1000
09:33:42,31.85,B,500
09:33:43,31.85,B,300
09:33:43,31.85,B,400
09:33:43,31.85,B,1000
09:33:43,31.84,S,600
09:33:43,31.81,S,920
09:33:43,31.81,S,880
09:33:44,31.85,B,100
09:33:44,31.81,S,100
09:33:44,31.81,S,20
09:33:44,31.81,S,480
09:33:44,31.81,S,100
09:33:44,31.81,S,120
09:33:44,31.81,S,1600
09:33:44,31.81,S,200
09:33:44,31.81,S,500
09:33:44,31.81,S,1000
09:33:44,31.81,S,580
09:33:44,31.82,B,700
09:33:45,31.81,S,300
09:33:45,31.82,B,1400
09:33:45,31.81,S,120
09:33:45,31.81,S,80
09:33:45,31.81,S,120
09:33:45,31.8,S,1000
09:33:45,31.8,S,500
09:33:45,31.8,S,3480
09:33:45,31.8,S,120
09:33:45,31.8,S,380
09:33:46,31.8,S,920
09:33:46,31.8,B,100
09:33:46,31.8,B,300
09:33:46,31.8,B,300
09:33:46,31.8,B,1000
09:33:46,31.8,B,100
09:33:46,31.8,B,280
09:33:46,31.8,B,600
09:33:46,31.8,B,120
09:33:46,31.8,B,400
09:33:46,31.78,S,1000
09:33:46,31.78,S,100
09:33:47,31.78,B,100
09:33:47,31.78,B,500
09:33:47,31.76,S,200
09:33:47,31.78,B,200
09:33:47,31.78,B,1100
09:33:47,31.78,B,300
09:33:47,31.79,B,1400
09:33:47,31.79,B,300
09:33:47,31.79,B,200
09:33:47,31.79,B,100
09:33:47,31.79,B,500
09:33:47,31.79,B,1000
09:33:48,31.79,B,2000
09:33:48,31.79,B,600
09:33:48,31.79,B,400
09:33:48,31.79,B,200
09:33:48,31.79,B,1000
09:33:48,31.79,B,200
09:33:48,31.79,B,5700
09:33:48,31.79,B,500
09:33:48,31.8,B,580
09:33:48,31.8,B,420
09:33:49,31.8,B,780
09:33:49,31.8,B,320
09:33:49,31.8,B,1700
09:33:49,31.79,B,500
09:33:49,31.79,B,700
09:33:49,31.78,B,1000
09:33:49,31.78,B,300
09:33:49,31.78,B,400
09:33:49,31.78,B,1000
09:33:49,31.78,B,300
09:33:50,31.78,B,100
09:33:50,31.78,B,700
09:33:50,31.78,B,1000
09:33:50,31.78,B,500
09:33:50,31.78,B,1000
09:33:50,31.78,B,300
09:33:50,31.78,B,100
09:33:50,31.78,B,1500
09:33:51,31.76,S,1000
09:33:51,31.78,B,500
09:33:51,31.78,B,400
09:33:51,31.78,B,600
09:33:51,31.76,S,200
09:33:51,31.78,B,200
09:33:51,31.78,B,500
09:33:51,31.78,B,1000
09:33:52,31.78,B,100
09:33:52,31.78,B,200
09:33:52,31.76,S,100
09:33:53,31.78,B,1000
09:33:53,31.78,B,500
09:33:53,31.78,B,100
09:33:53,31.78,B,100
09:33:53,31.78,B,900
09:33:53,31.78,B,700
09:33:53,31.78,B,400
09:33:53,31.78,B,1000
09:33:53,31.78,B,400
09:33:53,31.78,B,600
09:33:53,31.78,B,600
09:33:53,31.78,B,100
09:33:53,31.79,B,100
09:33:53,31.76,S,1000
09:33:53,31.76,S,400
09:33:54,31.79,B,500
09:33:54,31.79,B,100
09:33:54,31.79,B,3000
09:33:54,31.79,B,500
09:33:54,31.79,B,300
09:33:54,31.79,B,1000
09:33:54,31.79,B,3000
09:33:54,31.79,B,1300
09:33:54,31.79,B,200
09:33:54,31.79,B,400
09:33:54,31.79,B,100
09:33:54,31.79,B,300
09:33:54,31.76,S,300
09:33:54,31.79,B,300
09:33:54,31.79,B,300
09:33:55,31.79,B,300
09:33:55,31.79,B,100
09:33:55,31.79,B,200
09:33:55,31.79,B,100
09:33:55,31.76,S,500
09:33:55,31.79,B,400
09:33:55,31.79,B,100
09:33:55,31.79,B,100
09:33:55,31.79,B,200
09:33:55,31.79,B,600
09:33:55,31.79,B,300
09:33:55,31.79,B,200
09:33:55,31.8,B,1700
09:33:55,31.8,B,100
09:33:55,31.8,B,200
09:33:55,31.8,B,200
09:33:55,31.79,S,100
09:33:55,31.76,S,200
09:33:55,31.8,B,100
09:33:56,31.79,B,500
09:33:56,31.76,S,300
09:33:56,31.8,B,100
09:33:56,31.8,B,400
09:33:56,31.8,B,100
09:33:56,31.8,B,100
09:33:56,31.76,S,200
09:33:56,31.76,S,200
09:33:56,31.76,S,200
09:33:56,31.76,S,200
09:33:56,31.76,S,2000
09:33:56,31.76,S,1000
09:33:56,31.76,S,2000
09:33:56,31.76,S,1000
09:33:56,31.76,S,100
09:33:56,31.76,S,500
09:33:56,31.76,S,100
09:33:56,31.76,S,300
09:33:56,31.76,S,600
09:33:56,31.76,S,100
09:33:56,31.75,S,300
09:33:56,31.75,S,200
09:33:56,31.75,S,4000
09:33:56,31.75,S,500
09:33:56,31.75,S,300
09:33:56,31.75,S,100
09:33:56,31.75,S,100
09:33:56,31.75,S,10000
09:33:56,31.75,S,500
09:33:56,31.75,S,300
09:33:56,31.75,S,500
09:33:56,31.75,S,100
09:33:56,31.75,S,4000
09:33:56,31.75,S,100
09:33:56,31.8,B,2000
09:33:56,31.8,B,100
09:33:56,31.8,B,900
09:33:57,31.8,B,100
09:33:57,31.75,S,400
09:33:57,31.75,S,200
09:33:57,31.75,S,200
09:33:57,31.75,S,300
09:33:57,31.75,S,300
09:33:57,31.75,S,1000
09:33:57,31.75,S,500
09:33:57,31.75,S,3000
09:33:57,31.75,S,1000
09:33:57,31.75,S,500
09:33:57,31.75,S,100
09:33:57,31.75,S,100
09:33:57,31.75,S,300
09:33:57,31.75,S,100
09:33:57,31.75,S,100
09:33:57,31.75,S,500
09:33:57,31.75,S,100
09:33:57,31.75,S,1000
09:33:57,31.75,S,200
09:33:57,31.75,S,200
09:33:57,31.74,S,2300
09:33:57,31.74,S,500
09:33:57,31.74,S,400
09:33:57,31.74,S,600
09:33:57,31.74,S,300
09:33:57,31.74,S,500
09:33:57,31.74,S,200
09:33:57,31.74,S,2000
09:33:57,31.74,S,200
09:33:57,31.74,S,100
09:33:57,31.73,S,2000
09:33:57,31.73,S,3000
09:33:57,31.73,S,900
09:33:57,31.73,S,100
09:33:57,31.73,S,1000
09:33:57,31.73,S,100
09:33:57,31.73,S,200
09:33:57,31.73,S,500
09:33:57,31.73,S,200
09:33:57,31.73,S,200
09:33:57,31.73,S,3000
09:33:57,31.73,S,600
09:33:57,31.73,S,300
09:33:57,31.73,S,100
09:33:57,31.73,S,1000
09:33:57,31.73,S,200
09:33:57,31.73,S,300
09:33:57,31.73,S,1000
09:33:57,31.73,S,600
09:33:57,31.73,S,200
09:33:57,31.73,S,100
09:33:57,31.73,S,100
09:33:57,31.73,S,2000
09:33:57,31.73,S,100
09:33:57,31.73,S,200
09:33:57,31.73,S,200
09:33:57,31.73,S,400
09:33:57,31.73,S,200
09:33:57,31.73,S,200
09:33:57,31.73,S,1000
09:33:57,31.73,S,300
09:33:57,31.73,S,300
09:33:57,31.73,S,1000
09:33:57,31.73,S,1200
09:33:57,31.73,S,100
09:33:57,31.73,S,500
09:33:57,31.73,S,200
09:33:57,31.73,S,300
09:33:57,31.73,S,4000
09:33:57,31.73,S,600
09:33:57,31.73,S,100
09:33:57,31.73,S,200
09:33:57,31.73,S,500
09:33:57,31.73,S,200
09:33:57,31.73,S,200
09:33:57,31.73,S,100
09:33:57,31.73,S,800
09:33:57,31.73,S,800
09:33:57,31.73,S,200
09:33:57,31.73,S,500
09:33:57,31.73,S,3000
09:33:57,31.73,S,1000
09:33:57,31.73,S,2000
09:33:57,31.73,S,600
09:33:57,31.73,S,1500
09:33:57,31.73,S,800
09:33:57,31.73,S,2000
09:33:57,31.73,S,100
09:33:57,31.73,S,500
09:33:57,31.73,S,300
09:33:57,31.73,S,900
09:33:57,31.73,S,100
09:33:57,31.73,S,1000
09:33:57,31.73,S,300
09:33:57,31.73,S,300
09:33:57,31.73,S,100
09:33:57,31.73,S,900
09:33:57,31.73,S,100
09:33:57,31.73,S,100
09:33:57,31.73,S,100
09:33:57,31.73,S,500
09:33:57,31.73,S,4000
09:33:57,31.73,S,1700
09:33:57,31.73,S,100
09:33:57,31.73,S,500
09:33:57,31.73,S,500
09:33:57,31.73,S,100
09:33:57,31.73,S,100
09:33:57,31.73,S,200
09:33:57,31.73,S,300
09:33:57,31.73,S,100
09:33:57,31.73,S,500
09:33:57,31.73,S,2000
09:33:57,31.73,S,1000
09:33:57,31.73,S,500
09:33:57,31.73,S,900
09:33:57,31.73,S,200
09:33:57,31.73,S,600
09:33:57,31.73,S,500
09:33:57,31.73,S,100
09:33:57,31.73,S,100
09:33:57,31.73,S,800
09:33:57,31.73,S,400
09:33:57,31.73,S,100
09:33:57,31.73,S,300
09:33:57,31.73,S,1000
09:33:57,31.73,S,100
09:33:57,31.73,S,100
09:33:57,31.73,S,200
09:33:57,31.73,S,5000
09:33:57,31.73,S,100
09:33:57,31.73,S,1000
09:33:57,31.73,S,500
09:33:57,31.73,S,500
09:33:57,31.73,S,1600
09:33:57,31.73,S,900
09:33:57,31.73,S,500
09:33:57,31.73,S,200
09:33:57,31.73,S,200
09:33:57,31.73,S,1400
09:33:57,31.73,S,2100
09:33:57,31.73,S,300
09:33:57,31.73,S,200
09:33:57,31.73,S,200
09:33:57,31.73,S,900
09:33:57,31.73,S,2100
09:33:57,31.73,S,2000
09:33:57,31.73,S,100
09:33:57,31.73,S,100
09:33:57,31.73,S,400
09:33:57,31.73,S,100
09:33:57,31.73,S,400
09:33:57,31.73,S,100
09:33:57,31.73,S,300
09:33:57,31.73,S,200
09:33:57,31.73,S,100
09:33:57,31.73,S,100
09:33:57,31.73,S,200
09:33:57,31.73,S,300
09:33:57,31.73,S,1200
09:33:57,31.73,S,1000
09:33:57,31.73,S,600
09:33:57,31.73,S,200
09:33:57,31.73,S,100
09:33:57,31.73,S,100
09:33:57,31.73,S,3000
09:33:57,31.73,S,500
09:33:57,31.73,S,100
09:33:57,31.73,S,1000
09:33:57,31.73,S,2000
09:33:57,31.73,S,100
09:33:57,31.73,S,1000
09:33:57,31.73,S,500
09:33:57,31.73,S,700
09:33:57,31.73,S,1000
09:33:57,31.73,S,100
09:33:57,31.73,S,400
09:33:57,31.73,S,400
09:33:57,31.73,S,400
09:33:57,31.73,S,500
09:33:57,31.73,S,200
09:33:57,31.73,S,200
09:33:57,31.73,S,100
09:33:57,31.78,B,100
09:33:57,31.78,B,500
09:33:57,31.78,B,100
09:33:57,31.78,B,1100
09:33:57,31.78,B,1100
09:33:57,31.78,B,100
09:33:57,31.8,B,600
09:33:57,31.8,B,200
09:33:57,31.8,B,300
09:33:57,31.79,S,600
09:33:57,31.73,S,100
09:33:57,31.73,S,300
09:33:57,31.73,S,400
09:33:57,31.78,B,100
09:33:57,31.8,B,900
09:33:58,31.74,B,900
09:33:58,31.8,B,2100
09:33:58,31.8,B,1900
09:33:58,31.8,B,900
09:33:58,31.75,B,300
09:33:59,31.75,B,200
09:33:59,31.75,B,800
09:33:59,31.75,B,100
09:33:59,31.74,S,1000
09:33:59,31.73,S,400
09:33:59,31.73,S,200
09:33:59,31.73,S,500
09:33:59,31.73,S,100
09:33:59,31.73,S,200
09:33:59,31.73,S,100
09:33:59,31.75,B,1700
09:33:59,31.75,B,500
09:33:59,31.75,B,1400
09:33:59,31.78,B,1400
09:33:59,31.78,B,100
09:33:59,31.78,B,200
09:33:59,31.73,S,500
09:33:59,31.78,B,200
09:33:59,31.78,B,100
09:33:59,31.8,B,300
09:33:59,31.76,B,100
09:33:59,31.76,B,900
09:33:59,31.8,B,100
09:34:00,31.8,B,3000
09:34:00,31.74,S,400
09:34:00,31.73,S,200
09:34:00,31.73,S,1000
09:34:00,31.73,S,100
09:34:00,31.73,S,100
09:34:00,31.75,B,500
09:34:00,31.75,B,300
09:34:00,31.75,B,200
09:34:01,31.75,B,1000
09:34:01,31.76,B,500
09:34:01,31.76,B,400
09:34:01,31.76,B,100
09:34:01,31.76,B,200
09:34:01,31.76,B,700
09:34:01,31.79,B,100
09:34:01,31.8,B,1700
09:34:02,31.8,B,1000
09:34:02,31.8,B,20000
09:34:02,31.8,B,100
09:34:02,31.8,B,100
09:34:02,31.78,B,800
09:34:02,31.8,B,200
09:34:02,31.76,S,100
09:34:02,31.73,S,300
09:34:03,31.73,B,1100
09:34:03,31.73,B,900
09:34:03,31.75,B,100
09:34:03,31.76,B,700
09:34:03,31.8,B,7800
09:34:03,31.8,B,500
09:34:03,31.8,B,100
09:34:03,31.76,B,100
09:34:03,31.8,B,80
09:34:03,31.8,B,200
09:34:03,31.8,B,100
09:34:03,31.8,B,220
09:34:03,31.75,B,700
09:34:04,31.75,B,1000
09:34:04,31.75,B,100
09:34:04,31.75,B,400
09:34:04,31.72,S,200
09:34:04,31.72,S,300
09:34:04,31.72,S,400
09:34:04,31.72,S,1000
09:34:04,31.75,B,200
09:34:04,31.75,B,200
09:34:04,31.75,B,100
09:34:04,31.76,B,600
09:34:05,31.76,B,600
09:34:05,31.76,B,300
09:34:05,31.77,B,200
09:34:05,31.75,B,1100
09:34:05,31.74,B,200
09:34:05,31.75,B,600
09:34:05,31.76,B,2800
09:34:05,31.76,B,2100
09:34:05,31.72,S,100
09:34:05,31.72,S,1000
09:34:06,31.74,S,300
09:34:06,31.72,S,500
09:34:06,31.72,S,100
09:34:06,31.72,S,400
09:34:06,31.72,S,100
09:34:06,31.76,B,200
09:34:06,31.76,B,100
09:34:06,31.73,B,500
09:34:07,31.73,B,3000
09:34:07,31.73,B,500
09:34:07,31.73,B,100
09:34:07,31.73,B,200
09:34:07,31.72,S,100
09:34:07,31.72,S,600
09:34:07,31.72,S,100
09:34:07,31.73,B,500
09:34:07,31.73,B,100
09:34:07,31.73,B,1000
09:34:08,31.72,S,200
09:34:08,31.72,S,500
09:34:08,31.72,S,500
09:34:08,31.72,S,300
09:34:08,31.72,S,2700
09:34:08,31.72,S,800
09:34:08,31.72,S,100
09:34:08,31.73,B,5500
09:34:08,31.73,B,300
09:34:08,31.73,B,1200
09:34:08,31.72,S,400
09:34:08,31.72,S,300
09:34:08,31.72,S,300
09:34:08,31.73,B,100
09:34:08,31.73,B,200
09:34:08,31.73,B,300
09:34:08,31.73,B,200
09:34:08,31.73,B,100
09:34:08,31.72,S,200
09:34:08,31.72,S,100
09:34:08,31.72,S,100
09:34:09,31.72,S,400
09:34:09,31.72,S,200
09:34:09,31.72,S,400
09:34:09,31.72,S,300
09:34:09,31.72,S,1000
09:34:09,31.72,S,100
09:34:09,31.72,S,200
09:34:09,31.72,S,300
09:34:09,31.72,S,500
09:34:09,31.72,S,500
09:34:09,31.72,S,100
09:34:09,31.72,S,500
09:34:09,31.72,S,500
09:34:09,31.72,S,100
09:34:09,31.72,S,100
09:34:09,31.72,S,400
09:34:09,31.72,S,600
09:34:09,31.72,S,100
09:34:09,31.72,S,200
09:34:09,31.72,S,100
09:34:09,31.73,B,1200
09:34:09,31.73,B,200
09:34:09,31.74,B,500
09:34:09,31.76,B,2300
09:34:09,31.76,B,100
09:34:09,31.76,B,300
09:34:09,31.75,B,200
09:34:09,31.76,B,700
09:34:09,31.76,B,2000
09:34:09,31.76,B,100
09:34:09,31.72,S,900
09:34:09,31.72,S,200
09:34:09,31.72,S,400
09:34:09,31.72,S,100
09:34:10,31.76,B,100
09:34:10,31.76,B,400
09:34:10,31.72,S,400
09:34:10,31.72,S,100
09:34:10,31.71,S,100
09:34:10,31.71,S,100
09:34:10,31.71,S,100
09:34:10,31.71,S,300
09:34:10,31.76,B,100
09:34:10,31.71,S,300
09:34:10,31.75,B,100
09:34:10,31.75,B,400
09:34:10,31.75,B,500
09:34:10,31.76,B,400
09:34:10,31.76,B,200
09:34:10,31.76,B,800
09:34:10,31.76,B,2000
09:34:10,31.76,B,100
09:34:10,31.76,B,500
09:34:10,31.73,S,300
09:34:10,31.73,S,500
09:34:10,31.77,B,100
09:34:10,31.77,B,100
09:34:10,31.78,B,500
09:34:11,31.77,S,100
09:34:11,31.76,S,500
09:34:11,31.73,S,1100
09:34:11,31.73,S,100
09:34:11,31.73,B,500
09:34:11,31.78,B,300
09:34:11,31.78,B,200
09:34:11,31.76,B,400
09:34:11,31.78,B,600
09:34:11,31.78,B,200
09:34:12,31.74,B,100
09:34:12,31.76,B,100
09:34:12,31.78,B,4100
09:34:12,31.74,S,900
09:34:12,31.7,S,500
09:34:12,31.7,S,200
09:34:12,31.7,S,400
09:34:12,31.76,B,7300
09:34:12,31.76,B,700
09:34:12,31.7,S,100
09:34:12,31.7,S,300
09:34:12,31.7,S,500
09:34:12,31.7,S,1000
09:34:12,31.7,S,200
09:34:12,31.7,S,1000
09:34:12,31.7,S,100
09:34:12,31.7,S,200
09:34:12,31.7,S,200
09:34:12,31.7,S,1000
09:34:12,31.7,S,400
09:34:12,31.76,B,500
09:34:12,31.76,B,900
09:34:12,31.76,B,6700
09:34:12,31.76,B,500
09:34:12,31.76,B,100
09:34:12,31.76,B,100
09:34:12,31.72,S,300
09:34:12,31.7,S,600
09:34:12,31.7,S,1000
09:34:12,31.7,S,100
09:34:12,31.7,S,900
09:34:12,31.7,S,1000
09:34:12,31.7,S,1100
09:34:13,31.7,S,600
09:34:13,31.7,S,300
09:34:13,31.7,S,100
09:34:13,31.72,B,600
09:34:13,31.72,B,400
09:34:13,31.74,B,600
09:34:13,31.74,B,400
09:34:13,31.74,B,300
09:34:13,31.7,S,900
09:34:13,31.7,S,100
09:34:13,31.73,B,300
09:34:13,31.7,S,200
09:34:13,31.7,S,400
09:34:14,31.73,B,300
09:34:14,31.7,S,500
09:34:14,31.73,B,500
09:34:14,31.73,B,200
09:34:15,31.73,B,100
09:34:15,31.73,B,100
09:34:15,31.74,B,400
09:34:15,31.74,B,200
09:34:15,31.74,B,2000
09:34:15,31.76,B,2200
09:34:15,31.7,S,100
09:34:15,31.7,S,100
09:34:15,31.7,S,900
09:34:15,31.73,S,300
09:34:15,31.72,B,400
09:34:15,31.72,B,300
09:34:15,31.74,S,1900
09:34:15,31.76,B,1100
09:34:16,31.74,S,2800
09:34:16,31.73,S,100
09:34:16,31.73,S,1000
09:34:17,31.73,B,1000
09:34:17,31.73,B,1000
09:34:17,31.72,S,600
09:34:17,31.73,B,2000
09:34:17,31.73,B,10000
09:34:17,31.73,B,100
09:34:17,31.73,B,200
09:34:18,31.73,B,100
09:34:18,31.73,B,300
09:34:18,31.72,S,1100
09:34:18,31.73,B,100
09:34:18,31.73,S,300
09:34:18,31.73,S,1000
09:34:18,31.73,S,200
09:34:18,31.72,S,200
09:34:18,31.74,B,200
09:34:18,31.74,B,200
09:34:19,31.74,B,100
09:34:19,31.74,B,600
09:34:19,31.75,B,400
09:34:19,31.73,S,200
09:34:19,31.72,S,1100
09:34:19,31.7,S,100
09:34:19,31.7,S,100
09:34:19,31.7,S,100
09:34:19,31.72,B,300
09:34:19,31.74,B,200
09:34:19,31.72,S,200
09:34:19,31.7,S,2200
09:34:19,31.7,S,1000
09:34:19,31.7,S,100
09:34:19,31.7,S,500
09:34:19,31.7,S,300
09:34:19,31.7,S,200
09:34:19,31.7,S,200
09:34:19,31.7,S,200
09:34:19,31.7,S,200
09:34:19,31.7,S,200
09:34:19,31.7,S,400
09:34:19,31.7,S,300
09:34:19,31.7,S,500
09:34:19,31.7,S,1000
09:34:19,31.72,B,300
09:34:19,31.72,B,700
09:34:19,31.73,B,100
09:34:19,31.73,B,300
09:34:20,31.73,B,400
09:34:20,31.7,S,200
09:34:20,31.7,S,200
09:34:20,31.7,S,300
09:34:20,31.7,B,500
09:34:20,31.7,B,1200
09:34:20,31.7,B,300
09:34:20,31.73,B,500
09:34:20,31.74,B,2940
09:34:20,31.75,B,2460
09:34:21,31.69,S,600
09:34:21,31.68,S,100
09:34:21,31.68,S,100
09:34:21,31.7,B,1100
09:34:21,31.7,B,1500
09:34:21,31.7,B,200
09:34:21,31.7,B,1000
09:34:21,31.7,B,1000
09:34:21,31.7,B,200
09:34:21,31.7,B,500
09:34:21,31.7,B,2000
09:34:21,31.7,B,500
09:34:22,31.7,B,200
09:34:22,31.7,B,500
09:34:22,31.7,B,400
09:34:22,31.7,B,700
09:34:22,31.7,B,200
09:34:22,31.68,S,100
09:34:23,31.7,B,300
09:34:23,31.7,B,200
09:34:23,31.7,B,1000
09:34:23,31.68,S,200
09:34:23,31.68,S,200
09:34:23,31.67,S,200
09:34:23,31.66,S,200
09:34:23,31.66,S,100
09:34:23,31.65,B,100
09:34:23,31.65,B,400
09:34:23,31.7,B,100
09:34:23,31.7,B,100
09:34:23,31.72,B,300
09:34:23,31.72,B,200
09:34:24,31.7,B,400
09:34:24,31.7,B,3000
09:34:24,31.7,B,100
09:34:24,31.7,B,1500
09:34:24,31.71,B,500
09:34:24,31.72,B,200
09:34:24,31.72,B,600
09:34:24,31.72,B,2500
09:34:24,31.72,B,2000
09:34:24,31.72,B,500
09:34:24,31.72,B,100
09:34:24,31.72,B,200
09:34:24,31.72,B,100
09:34:24,31.72,B,700
09:34:24,31.74,B,600
09:34:24,31.74,B,1500
09:34:24,31.74,B,9000
09:34:24,31.74,B,1100
09:34:24,31.74,B,700
09:34:25,31.73,B,200
09:34:25,31.73,B,200
09:34:25,31.7,B,400
09:34:25,31.7,B,600
09:34:25,31.71,B,400
09:34:25,31.62,S,1000
09:34:25,31.62,S,500
09:34:25,31.62,S,1000
09:34:25,31.62,S,100
09:34:25,31.62,S,100
09:34:25,31.62,S,200
09:34:25,31.6,S,300
09:34:25,31.73,B,200
09:34:25,31.74,B,1500
09:34:26,31.71,B,300
09:34:26,31.69,S,200
09:34:26,31.6,S,300
09:34:26,31.6,S,300
09:34:26,31.72,B,200
09:34:27,31.63,B,100
09:34:27,31.71,B,200
09:34:27,31.71,B,100
09:34:27,31.71,B,200
09:34:28,31.7,B,100
09:34:28,31.71,B,100
09:34:28,31.68,B,100
09:34:28,31.68,B,500
09:34:28,31.68,B,100
09:34:28,31.68,B,300
09:34:28,31.71,B,100
09:34:28,31.71,B,100
09:34:29,31.6,S,700
09:34:29,31.6,S,300
09:34:29,31.6,S,100
09:34:29,31.6,S,200
09:34:29,31.6,S,500
09:34:29,31.6,S,500
09:34:29,31.6,S,700
09:34:29,31.7,B,100
09:34:29,31.7,B,100
09:34:29,31.71,B,300
09:34:29,31.71,B,100
09:34:29,31.6,S,500
09:34:29,31.6,S,1700
09:34:29,31.6,S,800
09:34:29,31.7,B,100
09:34:29,31.7,B,200
09:34:29,31.6,S,100
09:34:29,31.7,B,100
09:34:29,31.7,B,200
09:34:29,31.71,B,1200
09:34:30,31.71,B,100
09:34:30,31.7,S,100
09:34:30,31.69,B,100
09:34:30,31.7,B,400
09:34:30,31.71,B,1500
09:34:30,31.71,B,300
09:34:30,31.7,S,100
09:34:31,31.71,B,100
09:34:31,31.7,S,100
09:34:31,31.7,S,900
09:34:31,31.7,S,500
09:34:32,31.7,S,600
09:34:32,31.7,S,1000
09:34:32,31.7,S,1000
09:34:32,31.7,S,600
09:34:32,31.7,S,600
09:34:32,31.7,S,1800
09:34:32,31.68,S,100
09:34:32,31.61,S,100
09:34:32,31.71,B,600
09:34:32,31.6,S,100
09:34:32,31.7,B,100
09:34:32,31.69,B,100
09:34:32,31.7,B,200
09:34:32,31.71,B,100
09:34:32,31.71,B,500
09:34:33,31.7,S,200
09:34:33,31.7,S,100
09:34:33,31.62,S,300
09:34:33,31.7,B,100
09:34:33,31.7,B,200
09:34:33,31.7,B,200
09:34:33,31.7,B,100
09:34:33,31.71,B,400
09:34:34,31.62,S,100
09:34:34,31.7,B,100
09:34:34,31.62,S,600
09:34:34,31.6,S,2100
09:34:35,31.61,S,400
09:34:35,31.7,B,2000
09:34:35,31.7,B,200
09:34:35,31.61,S,100
09:34:35,31.6,S,600
09:34:35,31.68,B,100
09:34:35,31.68,B,200
09:34:35,31.68,B,500
09:34:35,31.68,B,100
09:34:35,31.68,B,2200
09:34:35,31.69,B,1100
09:34:36,31.69,S,400
09:34:36,31.6,S,500
09:34:36,31.7,B,2000
09:34:36,31.65,B,100
09:34:36,31.65,B,300
09:34:36,31.65,B,100
09:34:36,31.65,B,300
09:34:36,31.65,B,200
09:34:36,31.7,B,1800
09:34:36,31.69,S,100
09:34:36,31.7,B,300
09:34:37,31.69,S,2000
09:34:37,31.69,S,2400
09:34:37,31.7,B,4700
09:34:37,31.69,S,1100
09:34:37,31.7,B,500
09:34:37,31.69,S,200
09:34:37,31.69,S,300
09:34:37,31.69,S,2000
09:34:37,31.7,B,1000
09:34:38,31.7,B,400
09:34:38,31.7,B,100
09:34:38,31.7,B,200
09:34:38,31.69,S,100
09:34:38,31.69,S,1900
09:34:38,31.7,B,200
09:34:38,31.69,S,200
09:34:38,31.7,B,700
09:34:38,31.69,S,600
09:34:39,31.69,S,1100
09:34:39,31.7,B,500
09:34:39,31.7,B,200
09:34:39,31.7,B,100
09:34:39,31.69,S,300
09:34:39,31.69,S,1500
09:34:39,31.69,S,1600
09:34:39,31.7,B,1300
09:34:39,31.7,B,100
09:34:39,31.7,B,200
09:34:39,31.7,B,5000
09:34:39,31.7,B,1600
09:34:39,31.7,B,2000
09:34:39,31.7,B,1400
09:34:39,31.7,B,300
09:34:39,31.7,B,300
09:34:39,31.7,B,11000
09:34:39,31.7,B,1200
09:34:39,31.71,B,600
09:34:39,31.71,B,500
09:34:39,31.71,B,100
09:34:39,31.71,B,200
09:34:39,31.71,B,300
09:34:39,31.71,B,1300
09:34:39,31.71,B,1000
09:34:39,31.71,B,200
09:34:39,31.72,B,400
09:34:39,31.72,B,100
09:34:39,31.72,B,2300
09:34:39,31.72,B,1700
09:34:39,31.72,B,700
09:34:39,31.72,B,1100
09:34:39,31.72,B,6000
09:34:39,31.72,B,4300
09:34:39,31.73,B,1900
09:34:39,31.73,B,3300
09:34:39,31.73,B,100
09:34:39,31.73,B,1000
09:34:39,31.73,B,1400
09:34:39,31.73,B,200
09:34:39,31.74,B,1420
09:34:39,31.74,B,2500
09:34:39,31.74,B,900
09:34:39,31.74,B,3100
09:34:39,31.74,B,100
09:34:39,31.74,B,3600
09:34:39,31.74,B,100
09:34:39,31.74,B,2700
09:34:39,31.74,B,10000
09:34:39,31.75,B,7840
09:34:39,31.75,B,10000
09:34:39,31.76,B,4640
09:34:40,31.69,S,200
09:34:40,31.69,S,100
09:34:40,31.7,B,100
09:34:40,31.69,S,300
09:34:40,31.7,B,100
09:34:40,31.7,B,100
09:34:41,31.7,B,10000
09:34:41,31.7,B,100
09:34:41,31.7,B,700
09:34:41,31.69,S,500
09:34:41,31.7,B,1000
09:34:41,31.7,B,100
09:34:41,31.69,S,1000
09:34:42,31.7,B,3000
09:34:42,31.7,B,100
09:34:42,31.69,S,1000
09:34:42,31.69,S,200
09:34:42,31.69,S,500
09:34:42,31.7,B,500
09:34:42,31.7,B,300
09:34:42,31.69,S,3500
09:34:43,31.7,B,500
09:34:43,31.69,S,4000
09:34:43,31.7,B,1000
09:34:44,31.69,S,300
09:34:44,31.69,S,800
09:34:44,31.7,B,2000
09:34:44,31.69,S,2000
09:34:44,31.69,S,3300
09:34:44,31.69,S,11200
09:34:44,31.69,S,1300
09:34:44,31.69,S,700
09:34:45,31.7,B,100
09:34:46,31.7,B,700
09:34:46,31.7,B,1000
09:34:46,31.69,S,500
09:34:46,31.69,S,600
09:34:46,31.7,B,500
09:34:46,31.69,S,500
09:34:46,31.7,B,200
09:34:46,31.69,S,2000
09:34:46,31.7,B,500
09:34:46,31.69,S,100
09:34:46,31.68,S,200
09:34:46,31.68,S,400
09:34:46,31.68,S,500
09:34:46,31.68,S,100
09:34:46,31.68,S,100
09:34:46,31.68,S,100
09:34:46,31.68,S,200
09:34:46,31.65,S,300
09:34:46,31.64,S,1700
09:34:46,31.62,S,400
09:34:46,31.62,S,100
09:34:46,31.61,S,4400
09:34:46,31.6,S,6800
09:34:46,31.6,S,1500
09:34:46,31.6,S,100
09:34:46,31.6,S,200
09:34:46,31.6,S,300
09:34:46,31.6,S,400
09:34:46,31.59,S,500
09:34:46,31.59,S,200
09:34:46,31.58,S,500
09:34:46,31.58,S,200
09:34:46,31.58,S,300
09:34:46,31.58,S,500
09:34:46,31.56,S,5000
09:34:46,31.56,S,700
09:34:46,31.55,S,100
09:34:46,31.55,B,1500
09:34:46,31.55,B,5000
09:34:47,31.55,B,500
09:34:47,31.55,B,300
09:34:47,31.55,B,900
09:34:48,31.55,B,200
09:34:48,31.55,B,1000
09:34:48,31.55,B,100
09:34:49,31.55,B,10000
09:34:49,31.55,B,1000
09:34:49,31.55,B,25600
09:34:49,31.56,B,300
09:34:49,31.56,S,1100
09:34:50,31.57,B,200
09:34:50,31.6,B,200
09:34:50,31.6,B,200
09:34:50,31.6,B,700
09:34:50,31.6,B,300
09:34:50,31.6,B,700
09:34:50,31.6,B,200
09:34:51,31.6,B,500
09:34:51,31.6,B,100
09:34:51,31.6,B,200
09:34:51,31.6,B,200
09:34:51,31.6,B,100
09:34:51,31.6,B,1000
09:34:51,31.6,B,200
09:34:52,31.56,S,1000
09:34:52,31.6,B,100
09:34:52,31.56,S,2600
09:34:52,31.6,B,100
09:34:52,31.6,B,500
09:34:52,31.6,B,500
09:34:52,31.6,B,400
09:34:52,31.6,B,100
09:34:52,31.6,B,100
09:34:52,31.6,B,200
09:34:52,31.6,B,2300
09:34:52,31.6,B,300
09:34:52,31.6,B,100
09:34:53,31.6,B,400
09:34:53,31.6,B,100
09:34:53,31.56,S,300
09:34:53,31.56,S,1000
09:34:53,31.6,B,2900
09:34:53,31.6,B,100
09:34:53,31.6,B,4200
09:34:54,31.6,B,500
09:34:54,31.6,B,400
