Time,Price,BuySell,Volume
09:25:01,10.43,S,100
09:25:01,10.43,S,100
09:25:01,10.43,S,3100
09:25:01,10.43,S,1500
09:25:01,10.43,S,1300
09:25:01,10.43,S,200
09:25:01,10.43,B,1100
09:25:01,10.43,S,800
09:25:01,10.43,S,6900
09:25:01,10.43,B,100
09:25:01,10.43,S,500
09:25:01,10.43,S,100
09:25:01,10.43,S,900
09:25:01,10.43,S,1000
09:25:01,10.43,S,2400
09:25:01,10.43,S,1000
09:25:01,10.43,S,700
09:25:01,10.43,S,300
09:25:01,10.43,S,200
09:25:01,10.43,S,700
09:25:01,10.43,S,300
09:25:01,10.43,S,400
09:25:01,10.43,S,800
09:25:01,10.43,B,2200
09:25:01,10.43,B,500
09:25:01,10.43,B,2000
09:25:01,10.43,B,300
09:25:01,10.43,S,2600
09:25:01,10.43,S,1000
09:25:01,10.43,S,1800
09:25:01,10.43,S,1400
09:25:01,10.43,S,3000
09:25:01,10.43,S,4000
09:25:01,10.43,B,2200
09:25:01,10.43,S,800
09:25:01,10.43,S,3800
09:25:01,10.43,B,4600
09:25:01,10.43,B,100
09:25:01,10.43,B,100
09:25:01,10.43,S,800
09:25:01,10.43,B,900
09:25:01,10.43,S,1000
09:25:01,10.43,B,400
09:25:01,10.43,S,200
09:25:01,10.43,S,200
09:25:01,10.43,S,400
09:25:01,10.43,S,10000
09:25:01,10.43,S,8000
09:25:01,10.43,S,1400
09:25:01,10.43,S,1900
09:25:01,10.43,S,3000
09:25:01,10.43,S,100
09:25:01,10.43,S,400
09:25:01,10.43,S,700
09:25:01,10.43,S,200
09:25:01,10.43,S,300
09:25:01,10.43,S,2000
09:25:01,10.43,S,100
09:25:01,10.43,S,100
09:25:01,10.43,S,1500
09:25:01,10.43,S,100
09:25:01,10.43,S,100
09:25:01,10.43,S,100
09:25:01,10.43,B,200
09:25:01,10.43,B,100
09:25:01,10.43,B,600
09:25:01,10.43,B,100
09:25:01,10.43,B,100
09:25:01,10.43,B,400
09:25:01,10.43,B,100
09:25:01,10.43,B,400
09:25:01,10.43,B,500
09:25:01,10.43,B,1400
09:25:01,10.43,B,17600
09:25:01,10.43,S,2400
09:25:01,10.43,S,600
09:25:01,10.43,S,1900
09:25:01,10.43,S,1500
09:25:01,10.43,S,1100
09:25:01,10.43,S,100
09:25:01,10.43,S,100
09:25:01,10.43,S,300
09:25:01,10.43,S,200
09:25:01,10.43,S,1000
09:25:01,10.43,B,300
09:25:01,10.43,B,200
09:25:01,10.43,S,100
09:25:01,10.43,S,400
09:25:01,10.43,S,100
09:25:01,10.43,S,400
09:25:01,10.43,S,500
09:25:01,10.43,S,1000
09:25:01,10.43,S,100
09:25:01,10.43,S,200
09:25:01,10.43,S,3000
09:25:01,10.43,S,500
09:25:01,10.43,S,200
09:25:01,10.43,S,500
09:25:01,10.43,S,500
09:25:01,10.43,S,500
09:25:01,10.43,S,100
09:25:01,10.43,S,200
09:25:01,10.43,S,100
09:25:01,10.43,S,400
09:25:01,10.43,S,100
09:25:01,10.43,S,300
09:25:01,10.43,S,100
09:25:01,10.43,S,1300
09:25:01,10.43,S,700
09:25:01,10.43,S,400
09:25:01,10.43,B,400
09:25:01,10.43,B,300
09:25:01,10.43,S,2500
09:25:01,10.43,B,100
09:25:01,10.43,B,300
09:25:01,10.43,S,100
09:25:01,10.43,S,200
09:25:01,10.43,S,100
09:25:01,10.43,S,2600
09:25:01,10.43,S,400
09:25:01,10.43,S,600
09:25:01,10.43,S,100
09:25:01,10.43,S,500
09:25:01,10.43,S,100
09:25:01,10.43,S,100
09:25:01,10.43,S,100
09:25:01,10.43,S,400
09:25:01,10.43,S,500
09:25:01,10.43,S,100
09:25:01,10.43,S,200
09:25:01,10.43,S,400
09:25:01,10.43,S,200
09:25:01,10.43,S,200
09:25:01,10.43,S,100
09:25:01,10.43,S,5200
09:25:01,10.43,S,1000
09:25:01,10.43,S,100
09:25:01,10.43,S,100
09:25:01,10.43,S,100
09:25:01,10.43,S,200
09:25:01,10.43,S,100
09:25:01,10.43,S,300
09:25:01,10.43,S,600
09:25:01,10.43,S,200
09:25:01,10.43,S,900
09:25:01,10.43,S,200
09:25:01,10.43,S,600
09:25:01,10.43,S,200
09:25:01,10.43,S,100
09:25:01,10.43,S,800
09:25:01,10.43,S,3100
09:25:01,10.43,S,4800
09:25:01,10.43,S,1900
09:25:01,10.43,S,200
09:25:01,10.43,S,500
09:25:01,10.43,S,100
09:25:01,10.43,S,100
09:25:01,10.43,S,100
09:25:01,10.43,S,100
09:25:01,10.43,S,100
09:25:01,10.43,S,300
09:25:01,10.43,S,300
09:25:01,10.43,S,100
09:25:01,10.43,S,600
09:25:01,10.43,S,300
09:25:01,10.43,S,100
09:25:01,10.43,S,300
09:25:01,10.43,S,300
09:25:01,10.43,S,500
09:25:01,10.43,S,400
09:25:01,10.43,S,1000
09:25:01,10.43,S,100
09:25:01,10.43,S,500
09:25:01,10.43,S,2000
09:25:01,10.43,S,200
09:25:01,10.43,S,200
09:25:01,10.43,S,900
09:25:01,10.43,S,800
09:25:01,10.43,S,1000
09:25:01,10.43,S,500
09:25:01,10.43,S,1000
09:25:01,10.43,S,600
09:25:01,10.43,S,17600
09:25:01,10.43,S,5000
09:25:01,10.43,S,300
09:25:01,10.43,S,100
09:25:01,10.43,S,500
09:25:01,10.43,S,5000
09:25:01,10.43,S,1000
09:25:01,10.43,S,5000
09:25:01,10.43,S,1000
09:25:01,10.43,S,300
09:25:01,10.43,S,10000
09:25:01,10.43,S,3000
09:25:01,10.43,S,4800
09:25:01,10.43,S,1900
09:25:01,10.43,S,500
09:25:01,10.43,S,100
09:25:01,10.43,S,200
09:25:01,10.43,S,1500
09:25:01,10.43,S,500
09:25:01,10.43,S,4700
09:25:01,10.43,S,2000
09:25:01,10.43,S,500
09:25:01,10.43,S,900
09:25:01,10.43,S,1000
09:25:01,10.43,S,300
09:25:01,10.43,S,300
09:25:01,10.43,S,2000
09:25:01,10.43,S,6100
09:25:01,10.43,S,1700
09:25:01,10.43,S,300
09:25:01,10.43,S,200
09:25:01,10.43,S,4700
09:25:01,10.43,S,500
09:25:01,10.43,S,5000
09:25:01,10.43,S,1500
09:25:01,10.43,S,2000
09:25:01,10.43,S,100
09:25:01,10.43,S,5000
09:25:01,10.43,S,5000
09:25:01,10.43,S,100
09:25:01,10.43,S,100
09:25:01,10.43,S,1000
09:25:01,10.43,S,500
09:25:01,10.43,S,1000
09:25:01,10.43,S,100
09:25:01,10.43,S,20000
09:25:01,10.43,S,1000
09:25:01,10.43,S,1000
09:25:01,10.43,S,2000
09:25:01,10.43,S,900
09:25:01,10.43,S,10000
09:25:01,10.43,S,200
09:25:01,10.43,S,500
09:25:01,10.43,S,5000
09:25:01,10.43,S,2000
09:25:01,10.43,S,1000
09:25:01,10.43,S,500
09:25:01,10.43,S,300
09:25:01,10.43,S,500
09:25:01,10.43,S,1000
09:25:01,10.43,S,50000
09:25:01,10.43,S,400
09:25:01,10.43,S,200
09:25:01,10.43,S,100
09:25:01,10.43,S,500
09:25:01,10.43,S,500
09:25:01,10.43,S,400
09:25:01,10.43,S,10000
09:25:01,10.43,S,300
09:25:01,10.43,S,2000
09:25:01,10.43,S,500
09:25:01,10.43,S,2600
09:25:01,10.43,S,500
09:25:01,10.43,S,200
09:25:01,10.43,S,4400
09:25:01,10.43,S,1600
09:25:01,10.43,S,1800
09:25:01,10.43,S,100
09:25:01,10.43,S,2000
09:25:01,10.43,S,100
09:25:01,10.43,S,3700
09:25:01,10.43,S,4700
09:25:01,10.43,S,100
09:25:01,10.43,S,500
09:25:01,10.43,S,600
09:25:01,10.43,S,5000
09:25:01,10.43,S,20000
09:25:01,10.43,S,30000
09:25:01,10.43,S,1700
09:25:01,10.43,B,200
09:25:01,10.43,B,100
09:25:01,10.43,B,400
09:25:01,10.43,B,500
09:25:01,10.43,B,400
09:25:01,10.43,B,100
09:25:01,10.43,B,400
09:25:01,10.43,B,200
09:25:01,10.43,B,100
09:25:01,10.43,B,900
09:25:01,10.43,B,200
09:25:01,10.43,B,200
09:25:01,10.43,B,700
09:25:01,10.43,B,1300
09:25:01,10.43,B,400
09:25:01,10.43,B,100
09:25:01,10.43,B,100
09:25:01,10.43,B,800
09:25:01,10.43,S,1500
09:25:01,10.43,S,4600
09:25:01,10.43,S,200
09:25:01,10.43,S,800
09:25:01,10.43,S,1000
09:25:01,10.43,S,1900
09:25:01,10.43,S,900
09:25:01,10.43,S,100
09:25:01,10.43,S,1000
09:25:01,10.43,S,5000
09:25:01,10.43,S,1000
09:25:01,10.43,S,2000
09:25:01,10.43,S,800
09:25:01,10.43,S,1000
09:25:01,10.43,S,5800
09:25:01,10.43,B,1400
09:25:01,10.43,S,1000
09:25:01,10.43,S,1000
09:25:01,10.43,B,100
09:25:01,10.43,S,100
09:25:01,10.43,S,5000
09:25:01,10.43,S,200
09:25:01,10.43,S,1000
09:25:01,10.43,B,20200
09:25:01,10.43,B,400
09:25:01,10.43,S,1000
09:25:01,10.43,B,200
09:30:00,10.44,B,100
09:30:01,10.44,B,100
09:30:01,10.44,B,400
09:30:01,10.44,B,200
09:30:01,10.44,B,2000
09:30:01,10.44,B,2000
09:30:01,10.43,S,1100
09:30:02,10.43,S,500
09:30:02,10.43,S,800
09:30:02,10.44,B,1100
09:30:02,10.45,B,300
09:30:02,10.45,B,600
09:30:02,10.45,B,400
09:30:02,10.45,B,200
09:30:02,10.45,B,400
09:30:02,10.46,B,800
09:30:02,10.43,S,700
09:30:02,10.44,S,10000
09:30:02,10.43,S,15900
09:30:02,10.43,S,200
09:30:02,10.46,B,1000
09:30:02,10.44,S,700
09:30:02,10.44,S,300
09:30:02,10.44,S,200
09:30:02,10.44,S,400
09:30:02,10.44,S,200
09:30:02,10.46,B,11500
09:30:02,10.46,B,200
09:30:02,10.48,B,400
09:30:02,10.48,B,400
09:30:02,10.48,B,900
09:30:02,10.48,B,1600
09:30:02,10.44,S,500
09:30:02,10.44,S,100
09:30:02,10.44,S,400
09:30:02,10.48,B,500
09:30:02,10.44,S,200
09:30:02,10.48,B,100
09:30:02,10.48,B,800
09:30:02,10.48,B,700
09:30:02,10.48,B,400
09:30:02,10.49,B,5000
09:30:02,10.49,B,200
09:30:02,10.49,B,7200
09:30:02,10.5,B,1700
09:30:02,10.5,B,800
09:30:02,10.5,B,1600
09:30:02,10.5,B,5800
09:30:02,10.44,S,100
09:30:02,10.44,S,500
09:30:02,10.44,S,300
09:30:02,10.44,S,100
09:30:02,10.44,S,1000
09:30:02,10.48,S,200
09:30:02,10.44,S,100
09:30:02,10.44,S,200
09:30:02,10.45,S,19200
09:30:02,10.44,S,800
09:30:02,10.44,S,2000
09:30:02,10.44,S,300
09:30:02,10.44,S,1400
09:30:02,10.44,S,100
09:30:02,10.48,S,700
09:30:02,10.48,S,1000
09:30:02,10.44,S,400
09:30:02,10.45,S,800
09:30:02,10.44,S,100
09:30:02,10.44,S,500
09:30:02,10.44,S,500
09:30:02,10.44,S,1000
09:30:02,10.44,S,500
09:30:02,10.44,S,5000
09:30:02,10.44,S,200
09:30:02,10.44,S,500
09:30:02,10.43,S,9000
09:30:02,10.43,S,5000
09:30:02,10.43,S,1000
09:30:02,10.43,S,2000
09:30:02,10.43,S,200
09:30:02,10.43,S,700
09:30:02,10.43,S,5000
09:30:02,10.43,S,5000
09:30:02,10.43,S,2700
09:30:02,10.43,S,1200
09:30:02,10.43,S,200
09:30:02,10.5,B,500
09:30:03,10.46,S,200
09:30:03,10.46,S,500
09:30:03,10.46,S,1300
09:30:03,10.43,S,9900
09:30:03,10.45,S,100
09:30:03,10.44,S,100
09:30:03,10.44,S,100
09:30:03,10.43,S,100
09:30:03,10.43,S,200
09:30:03,10.43,S,11400
09:30:03,10.44,S,2300
09:30:03,10.44,S,900
09:30:03,10.44,S,100
09:30:03,10.45,B,800
09:30:03,10.49,S,100
09:30:03,10.49,S,100
09:30:03,10.44,S,200
09:30:03,10.45,S,500
09:30:03,10.45,S,400
09:30:03,10.45,S,100
09:30:03,10.44,S,800
09:30:03,10.44,S,700
09:30:03,10.44,S,1000
09:30:03,10.44,S,300
09:30:03,10.44,S,1600
09:30:03,10.45,S,400
09:30:03,10.45,S,2600
09:30:03,10.44,S,100
09:30:03,10.44,S,200
09:30:03,10.44,S,600
09:30:03,10.44,S,2900
09:30:03,10.44,S,100
09:30:03,10.44,S,1200
09:30:03,10.44,S,100
09:30:03,10.45,S,2300
09:30:03,10.45,S,200
09:30:03,10.45,S,1200
09:30:03,10.45,S,1300
09:30:03,10.45,S,700
09:30:03,10.45,S,700
09:30:03,10.45,S,1000
09:30:03,10.44,S,3300
09:30:03,10.47,S,4000
09:30:03,10.47,S,1000
09:30:03,10.47,S,1000
09:30:03,10.47,S,2300
09:30:03,10.47,S,1900
09:30:03,10.47,S,300
09:30:03,10.44,S,500
09:30:03,10.44,S,1300
09:30:03,10.44,S,1400
09:30:03,10.44,S,200
09:30:03,10.44,S,2000
09:30:03,10.44,S,200
09:30:03,10.44,S,600
09:30:03,10.44,S,2000
09:30:03,10.44,S,400
09:30:03,10.44,S,1000
09:30:03,10.44,S,800
09:30:03,10.5,B,23000
09:30:03,10.44,S,100
09:30:04,10.44,S,2000
09:30:04,10.45,S,400
09:30:04,10.45,S,100
09:30:04,10.45,S,500
09:30:04,10.45,S,400
09:30:04,10.46,S,500
09:30:04,10.5,B,1900
09:30:04,10.46,S,500
09:30:04,10.45,S,4900
09:30:04,10.45,S,400
09:30:04,10.49,S,200
09:30:04,10.49,S,500
09:30:04,10.49,S,1100
09:30:04,10.49,S,200
09:30:04,10.49,S,100
09:30:04,10.49,S,400
09:30:04,10.49,S,500
09:30:04,10.49,S,600
09:30:04,10.49,S,600
09:30:04,10.49,S,2000
09:30:04,10.49,S,800
09:30:04,10.49,S,2300
09:30:04,10.49,S,3700
09:30:04,10.45,S,2500
09:30:04,10.45,S,100
09:30:04,10.45,S,3500
09:30:04,10.46,S,1000
09:30:04,10.45,S,800
09:30:04,10.45,S,200
09:30:04,10.44,S,500
09:30:04,10.49,S,1000
09:30:04,10.49,S,100
09:30:04,10.49,S,300
09:30:04,10.44,S,200
09:30:04,10.44,S,2000
09:30:04,10.45,S,500
09:30:04,10.5,B,5000
09:30:04,10.44,S,100
09:30:04,10.44,S,10000
09:30:04,10.44,S,100
09:30:04,10.44,S,500
09:30:04,10.44,S,5000
09:30:04,10.49,S,400
09:30:04,10.49,S,1500
09:30:04,10.44,S,1500
09:30:04,10.44,S,2500
09:30:04,10.44,S,100
09:30:04,10.44,S,2800
09:30:04,10.5,B,100
09:30:04,10.49,S,400
09:30:04,10.49,S,600
09:30:04,10.45,S,500
09:30:04,10.44,S,900
09:30:04,10.44,S,600
09:30:04,10.44,S,200
09:30:04,10.44,S,5000
09:30:04,10.44,S,500
09:30:04,10.44,S,200
09:30:05,10.45,S,800
09:30:05,10.44,S,200
09:30:05,10.5,B,600
09:30:05,10.5,B,2000
09:30:05,10.44,S,400
09:30:05,10.44,S,400
09:30:05,10.44,S,300
09:30:05,10.44,S,600
09:30:05,10.44,S,10300
09:30:05,10.44,S,46800
09:30:05,10.44,S,5000
09:30:05,10.44,S,200
09:30:05,10.44,S,100
09:30:05,10.44,S,3400
09:30:05,10.44,S,500
09:30:05,10.44,S,200
09:30:05,10.44,S,5000
09:30:05,10.44,S,500
09:30:05,10.44,S,3300
09:30:05,10.44,S,100
09:30:05,10.44,S,400
09:30:05,10.44,S,300
09:30:05,10.44,S,100
09:30:05,10.44,S,500
09:30:05,10.44,S,100
09:30:05,10.44,S,1000
09:30:05,10.44,S,200
09:30:05,10.44,S,1000
09:30:05,10.44,S,500
09:30:05,10.44,S,1700
09:30:05,10.44,S,5000
09:30:05,10.44,S,10000
09:30:05,10.44,S,1000
09:30:05,10.44,S,10000
09:30:05,10.44,S,100
09:30:05,10.44,S,1000
09:30:05,10.44,S,500
09:30:05,10.44,S,1000
09:30:05,10.44,S,500
09:30:05,10.44,S,100
09:30:05,10.44,S,200
09:30:05,10.44,S,100
09:30:05,10.44,S,500
09:30:05,10.44,S,100
09:30:05,10.44,S,300
09:30:05,10.44,S,1000
09:30:05,10.44,S,400
09:30:05,10.44,S,100
09:30:05,10.44,S,500
09:30:05,10.44,S,2700
09:30:05,10.44,S,2200
09:30:05,10.44,S,100
09:30:05,10.44,S,2400
09:30:05,10.44,S,1400
09:30:05,10.5,B,300
09:30:05,10.45,S,1000
09:30:05,10.45,S,500
09:30:05,10.44,S,2500
09:30:05,10.44,S,1400
09:30:05,10.44,S,100
09:30:05,10.44,S,100
09:30:05,10.44,S,200
09:30:05,10.44,S,100
09:30:05,10.48,S,200
09:30:05,10.44,S,4300
09:30:05,10.44,S,1300
09:30:05,10.44,S,200
09:30:05,10.45,S,1000
09:30:05,10.45,S,100
09:30:05,10.44,S,7200
09:30:05,10.44,S,1000
09:30:05,10.44,S,200
09:30:05,10.44,S,500
09:30:05,10.44,S,100
09:30:05,10.44,S,3000
09:30:05,10.44,S,100
09:30:05,10.44,S,500
09:30:05,10.44,S,100
09:30:05,10.44,S,1000
09:30:05,10.44,S,200
09:30:05,10.44,S,36000
09:30:05,10.44,S,500
09:30:05,10.49,S,4100
09:30:05,10.44,S,100
09:30:05,10.44,S,1000
09:30:05,10.44,S,1000
09:30:05,10.44,S,300
09:30:05,10.44,S,200
09:30:05,10.44,S,100
09:30:05,10.44,S,1000
09:30:05,10.44,S,5000
09:30:05,10.44,S,1000
09:30:05,10.44,S,100
09:30:05,10.44,S,5000
09:30:05,10.44,S,500
09:30:05,10.44,S,4000
09:30:05,10.43,S,6600
09:30:05,10.49,S,100
09:30:05,10.49,S,300
09:30:05,10.45,S,500
09:30:05,10.44,S,200
09:30:05,10.44,S,1000
09:30:05,10.43,S,1100
09:30:05,10.43,S,100
09:30:05,10.44,S,100
09:30:05,10.44,S,100
09:30:05,10.43,S,300
09:30:05,10.44,S,100
09:30:05,10.43,S,400
09:30:05,10.43,S,3100
09:30:05,10.44,S,300
09:30:05,10.43,S,8600
09:30:05,10.43,S,200
09:30:05,10.43,S,800
09:30:05,10.44,S,200
09:30:05,10.44,S,300
09:30:05,10.43,S,100
09:30:05,10.43,S,1400
09:30:05,10.49,S,200
09:30:05,10.49,S,5000
09:30:05,10.49,S,800
09:30:05,10.45,S,1300
09:30:05,10.45,S,1700
09:30:05,10.45,S,500
09:30:05,10.44,S,1000
09:30:05,10.44,S,500
09:30:05,10.44,S,600
09:30:05,10.44,S,100
09:30:05,10.44,S,200
09:30:05,10.44,S,100
09:30:05,10.49,S,200
09:30:05,10.49,S,500
09:30:05,10.49,S,400
09:30:05,10.49,S,1200
09:30:05,10.45,S,100
09:30:06,10.45,S,100
09:30:06,10.45,S,400
09:30:06,10.44,S,600
09:30:06,10.44,S,500
09:30:06,10.44,S,300
09:30:06,10.44,S,5200
09:30:06,10.44,S,500
09:30:06,10.44,S,10500
09:30:06,10.44,S,5000
09:30:06,10.45,S,100
09:30:06,10.49,S,2500
09:30:06,10.45,S,2900
09:30:06,10.44,S,1300
09:30:06,10.44,S,500
09:30:06,10.44,S,200
09:30:06,10.44,S,300
09:30:06,10.44,S,200
09:30:06,10.44,S,100
09:30:06,10.44,S,200
09:30:06,10.45,S,200
09:30:06,10.45,S,1000
09:30:06,10.45,S,800
09:30:06,10.44,S,9200
09:30:06,10.44,S,400
09:30:06,10.44,S,900
09:30:06,10.46,S,200
09:30:06,10.46,S,300
09:30:06,10.44,S,700
09:30:06,10.44,S,200
09:30:06,10.46,S,200
09:30:06,10.46,S,400
09:30:06,10.46,S,600
09:30:06,10.49,S,900
09:30:06,10.49,S,100
09:30:06,10.49,S,1400
09:30:06,10.49,S,100
09:30:06,10.46,S,200
09:30:06,10.46,S,600
09:30:06,10.46,S,500
09:30:06,10.46,S,500
09:30:06,10.44,S,700
09:30:06,10.49,S,200
09:30:06,10.49,S,100
09:30:06,10.49,S,800
09:30:06,10.49,S,400
09:30:06,10.44,S,33000
09:30:07,10.49,S,100
09:30:07,10.49,S,200
09:30:07,10.49,S,400
09:30:07,10.49,S,1700
09:30:07,10.49,S,2600
09:30:07,10.49,S,200
09:30:07,10.49,S,500
09:30:07,10.49,S,300
09:30:07,10.44,S,800
09:30:07,10.44,S,300
09:30:07,10.44,S,100
09:30:07,10.44,S,1000
09:30:07,10.44,S,100
09:30:07,10.45,S,200
09:30:07,10.45,S,6000
09:30:07,10.45,S,300
09:30:07,10.5,B,1000
09:30:07,10.45,S,900
09:30:07,10.45,S,1500
09:30:07,10.45,S,1000
09:30:07,10.45,S,100
09:30:07,10.49,S,3400
09:30:07,10.45,S,3600
09:30:07,10.45,S,6400
09:30:07,10.45,S,700
09:30:07,10.45,B,900
09:30:07,10.48,S,100
09:30:07,10.48,S,500
09:30:07,10.47,S,100
09:30:07,10.44,S,900
09:30:07,10.44,S,500
09:30:07,10.5,B,100
09:30:08,10.44,S,400
09:30:08,10.45,S,200
09:30:08,10.45,S,2100
09:30:08,10.45,S,700
09:30:08,10.44,S,300
09:30:08,10.44,S,100
09:30:08,10.44,S,100
09:30:08,10.44,S,300
09:30:08,10.44,S,100
09:30:08,10.49,S,1600
09:30:08,10.45,B,10000
09:30:08,10.44,S,100
09:30:08,10.44,S,10000
09:30:08,10.44,S,100
09:30:08,10.44,S,300
09:30:08,10.44,S,3000
09:30:08,10.44,S,1500
09:30:08,10.44,S,100
09:30:08,10.44,S,100
09:30:08,10.44,S,900
09:30:08,10.44,S,100
09:30:08,10.45,B,10000
09:30:08,10.44,S,100
09:30:08,10.44,S,2000
09:30:08,10.44,S,400
09:30:08,10.44,S,100
09:30:08,10.44,S,1200
09:30:08,10.45,B,500
09:30:08,10.44,S,100
09:30:08,10.45,B,2000
09:30:08,10.44,S,100
09:30:08,10.44,S,200
09:30:08,10.44,S,3900
09:30:08,10.45,B,1000
09:30:09,10.44,S,1000
09:30:09,10.44,S,3900
09:30:09,10.44,S,800
09:30:09,10.45,B,100
09:30:09,10.44,S,1500
09:30:09,10.44,S,1600
09:30:09,10.44,S,3400
09:30:09,10.44,S,300
09:30:09,10.44,S,400
09:30:09,10.44,S,1000
09:30:09,10.44,S,100
09:30:09,10.44,S,5900
09:30:09,10.44,S,100
09:30:09,10.45,B,400
09:30:09,10.45,B,2000
09:30:09,10.45,B,200
09:30:09,10.44,S,10000
09:30:09,10.45,S,200
09:30:09,10.45,S,100
09:30:09,10.45,S,900
09:30:09,10.45,S,200
09:30:09,10.45,S,400
09:30:10,10.46,S,500
09:30:10,10.46,S,500
09:30:10,10.45,S,200
09:30:10,10.44,S,700
09:30:10,10.44,S,500
09:30:10,10.44,S,2000
09:30:10,10.44,S,200
09:30:10,10.44,S,100
09:30:10,10.46,S,200
09:30:10,10.46,S,1000
09:30:10,10.48,B,100
09:30:10,10.5,B,900
09:30:10,10.46,S,100
09:30:10,10.46,S,500
09:30:10,10.46,S,200
09:30:10,10.46,S,4000
09:30:10,10.46,S,1000
09:30:10,10.45,S,6000
09:30:10,10.44,S,29700
09:30:10,10.44,S,6400
09:30:11,10.44,S,4900
09:30:11,10.44,S,1500
09:30:11,10.44,S,3000
09:30:11,10.44,S,10000
09:30:11,10.44,S,100
09:30:11,10.44,S,1200
09:30:11,10.44,S,1000
09:30:11,10.44,S,1000
09:30:11,10.44,S,100
09:30:11,10.46,S,700
09:30:11,10.49,B,1300
09:30:11,10.49,S,600
09:30:11,10.46,S,3500
09:30:11,10.46,S,100
09:30:12,10.46,S,200
09:30:12,10.46,S,2100
09:30:12,10.45,S,5500
09:30:12,10.48,B,200
09:30:12,10.49,B,100
09:30:12,10.45,S,1000
09:30:12,10.45,S,200
09:30:12,10.45,S,300
09:30:12,10.45,S,300
09:30:12,10.45,S,100
09:30:13,10.44,S,500
09:30:13,10.49,B,900
09:30:13,10.5,B,5100
09:30:13,10.44,S,100
09:30:13,10.44,S,800
09:30:13,10.44,S,100
09:30:13,10.44,S,700
09:30:13,10.5,B,8000
09:30:13,10.44,S,1100
09:30:13,10.44,S,200
09:30:13,10.44,S,200
09:30:13,10.44,S,2300
09:30:13,10.44,S,200
09:30:13,10.44,S,500
09:30:13,10.44,S,200
09:30:14,10.45,S,500
09:30:14,10.44,S,4000
09:30:14,10.44,S,200
09:30:14,10.44,S,4500
09:30:14,10.44,S,200
09:30:15,10.45,S,5000
09:30:15,10.45,S,100
09:30:15,10.45,S,400
09:30:15,10.5,B,100
09:30:15,10.45,S,500
09:30:15,10.45,S,200
09:30:15,10.45,S,300
09:30:15,10.45,S,100
09:30:16,10.5,B,600
09:30:16,10.45,S,100
09:30:16,10.45,S,100
09:30:16,10.45,S,900
09:30:16,10.45,S,1600
09:30:16,10.45,S,400
09:30:16,10.45,S,200
09:30:16,10.45,S,100
09:30:16,10.44,S,1000
09:30:16,10.44,S,20000
09:30:17,10.45,S,200
09:30:17,10.45,S,600
09:30:17,10.45,S,500
09:30:17,10.44,S,4100
09:30:17,10.45,S,100
09:30:18,10.45,S,800
09:30:18,10.44,S,1100
09:30:18,10.44,S,1700
09:30:18,10.44,S,5000
09:30:19,10.44,S,100
09:30:19,10.44,S,200
09:30:19,10.44,S,200
09:30:19,10.44,S,100
09:30:19,10.44,S,10000
09:30:19,10.44,S,500
09:30:20,10.44,S,100
09:30:20,10.45,B,100
09:30:20,10.45,S,200
09:30:20,10.45,S,100
09:30:21,10.46,S,300
09:30:21,10.49,B,100
09:30:21,10.5,B,1200
09:30:22,10.46,S,1000
09:30:22,10.45,S,100
09:30:22,10.45,S,500
09:30:22,10.44,S,2100
09:30:22,10.48,B,1000
09:30:23,10.46,S,500
09:30:23,10.44,S,3500
09:30:23,10.45,S,2900
09:30:23,10.45,S,1000
09:30:23,10.48,B,1600
09:30:23,10.48,S,6000
09:30:23,10.48,S,500
09:30:23,10.48,S,500
09:30:24,10.5,B,1500
09:30:24,10.5,B,5000
09:30:25,10.5,B,1400
09:30:25,10.48,S,1100
09:30:25,10.48,S,600
09:30:25,10.45,S,600
09:30:25,10.45,S,1000
09:30:25,10.45,S,1000
09:30:25,10.45,S,200
09:30:25,10.45,S,5300
09:30:25,10.5,B,2000
09:30:26,10.5,B,45529
09:30:26,10.5,B,2000
09:30:26,10.5,B,100
09:30:26,10.5,B,100
09:30:26,10.5,B,200
09:30:26,10.5,B,9900
09:30:26,10.5,B,2400
09:30:26,10.5,B,100
09:30:26,10.5,B,100
09:30:26,10.5,B,900
09:30:26,10.5,B,200
09:30:26,10.5,B,100
09:30:26,10.5,B,100
09:30:26,10.5,B,800
09:30:26,10.5,B,100
09:30:26,10.5,B,100
09:30:26,10.5,B,200
09:30:26,10.5,B,100
09:30:26,10.5,B,900
09:30:26,10.5,B,800
09:30:26,10.5,B,1000
09:30:26,10.5,B,200
09:30:26,10.5,B,3100
09:30:26,10.5,B,600
09:30:26,10.5,B,100
09:30:26,10.5,B,300
09:30:26,10.5,B,19000
09:30:26,10.5,B,200
09:30:26,10.5,B,1100
09:30:26,10.5,B,200
09:30:26,10.5,B,100
09:30:26,10.5,B,600
09:30:26,10.5,B,100
09:30:26,10.5,B,100
09:30:26,10.5,B,200
09:30:26,10.5,B,1000
09:30:26,10.5,B,400
09:30:26,10.5,B,1700
09:30:26,10.5,B,4800
09:30:26,10.5,B,5000
09:30:26,10.5,B,1800
09:30:26,10.5,B,1600
09:30:26,10.5,B,5100
09:30:26,10.5,B,200
09:30:26,10.5,B,800
09:30:26,10.5,B,1800
09:30:26,10.5,B,100
09:30:26,10.5,B,300
09:30:26,10.5,B,1000
09:30:26,10.5,B,100
09:30:26,10.5,B,100
09:30:26,10.5,B,5000
09:30:26,10.5,B,200
09:30:26,10.5,B,100
09:30:26,10.5,B,300
09:30:26,10.5,B,200
09:30:26,10.5,B,800
09:30:26,10.5,B,10
09:30:26,10.5,B,300
09:30:26,10.5,B,100
09:30:26,10.5,B,100
09:30:26,10.5,B,200
09:30:26,10.5,B,1800
09:30:26,10.5,B,1500
09:30:26,10.5,B,4000
09:30:26,10.5,B,100
09:30:26,10.5,B,600
09:30:26,10.5,B,600
09:30:26,10.5,B,1000
09:30:26,10.5,B,500
09:30:26,10.5,B,200
09:30:26,10.5,B,100
09:30:26,10.5,B,100
09:30:26,10.5,B,400
09:30:26,10.5,B,600
09:30:26,10.5,S,100
09:30:26,10.5,S,100
09:30:26,10.5,S,700
09:30:26,10.5,S,300
09:30:26,10.5,S,500
09:30:26,10.5,S,200
09:30:26,10.5,S,2900
09:30:26,10.5,S,1000
09:30:27,10.5,S,1000
09:30:27,10.5,S,500
09:30:27,10.5,S,200
09:30:28,10.5,S,700
09:30:29,10.5,S,1300
09:30:30,10.5,S,300
09:30:30,10.5,S,200
09:30:30,10.52,S,1000
09:30:30,10.5,S,3200
09:30:30,10.5,S,20400
09:30:30,10.5,S,800
09:30:30,10.5,S,1500
09:30:30,10.5,S,200
09:30:30,10.5,S,500
09:30:31,10.5,S,400
09:30:31,10.5,S,700
09:30:31,10.5,S,1800
09:30:31,10.5,S,600
09:30:32,10.5,S,800
09:30:32,10.5,S,100
09:30:32,10.5,S,700
09:30:32,10.5,S,1800
09:30:32,10.5,S,700
09:30:33,10.5,S,15100
09:30:33,10.5,S,2600
09:30:34,10.5,S,1800
09:30:34,10.54,B,200
09:30:34,10.5,S,61
09:30:34,10.5,S,139
09:30:35,10.5,S,100
09:30:35,10.5,S,761
09:30:35,10.5,S,1000
09:30:35,10.5,S,700
09:30:35,10.5,S,200
09:30:35,10.5,S,339
09:30:36,10.5,S,800
09:30:36,10.54,B,200
09:30:36,10.55,B,500
09:30:36,10.55,B,200
09:30:37,10.55,S,200
09:30:37,10.55,S,900
09:30:37,10.5,S,600
09:30:37,10.5,S,100
09:30:38,10.5,S,161
09:30:38,10.5,S,39
09:30:38,10.5,S,1400
09:30:38,10.5,S,6700
09:30:38,10.5,S,100
09:30:38,10.56,B,100
09:30:38,10.56,B,900
09:30:39,10.54,S,300
09:30:39,10.54,S,100
09:30:40,10.54,S,2000
09:30:40,10.54,S,300
09:30:40,10.54,S,200
09:30:40,10.54,S,2400
09:30:42,10.54,S,100
09:30:42,10.54,S,100
09:30:42,10.54,S,500
09:30:42,10.54,S,100
09:30:43,10.55,B,200
09:30:43,10.55,B,100
09:30:43,10.55,S,100
09:30:43,10.56,B,200
09:30:44,10.55,S,300
09:30:44,10.54,S,2900
09:30:44,10.54,S,700
09:30:44,10.54,S,1500
09:30:44,10.54,S,4000
09:30:44,10.54,S,200
09:30:44,10.54,S,100
09:30:44,10.52,S,600
09:30:44,10.56,B,100
09:30:44,10.52,S,700
09:30:44,10.51,S,1300
09:30:45,10.51,S,300
09:30:45,10.56,B,100
09:30:45,10.56,B,500
09:30:45,10.54,S,100
09:30:45,10.51,S,200
09:30:46,10.54,S,100
09:30:46,10.56,B,1100
09:30:46,10.57,B,900
09:30:47,10.54,S,400
09:30:47,10.54,S,100
09:30:47,10.54,S,300
09:30:47,10.51,S,3200
09:30:47,10.51,S,100
09:30:47,10.51,S,1000
09:30:47,10.51,S,200
09:30:47,10.5,S,100
09:30:47,10.5,S,500
09:30:48,10.56,S,100
09:30:48,10.56,S,900
09:30:48,10.54,S,100
09:30:48,10.54,S,1800
09:30:48,10.5,S,1161
09:30:48,10.5,S,500
09:30:48,10.5,S,1000
09:30:48,10.5,S,200
09:30:48,10.5,S,1900
09:30:48,10.5,S,100
09:30:48,10.5,S,17300
09:30:48,10.5,S,500
09:30:48,10.5,S,10000
09:30:48,10.5,S,700
09:30:48,10.5,S,20000
09:30:48,10.5,S,100
09:30:48,10.5,S,100
09:30:48,10.5,S,2000
09:30:48,10.5,S,500
09:30:48,10.5,S,3000
09:30:48,10.5,S,200
09:30:48,10.5,S,3000
09:30:48,10.5,S,1000
09:30:48,10.5,S,400
09:30:48,10.5,S,2000
09:30:48,10.5,S,1100
09:30:48,10.5,S,300
09:30:48,10.5,S,1500
09:30:48,10.5,S,2000
09:30:48,10.5,S,100
09:30:48,10.5,S,20000
09:30:48,10.5,S,500
09:30:48,10.5,S,6000
09:30:48,10.5,S,100
09:30:48,10.5,S,2200
09:30:48,10.5,S,900
09:30:48,10.5,S,400
09:30:48,10.5,S,200
09:30:48,10.5,S,400
09:30:48,10.5,S,600
09:30:48,10.5,S,2839
09:30:49,10.56,S,100
09:30:49,10.56,S,400
09:30:49,10.56,S,1000
09:30:49,10.56,S,100
09:30:50,10.56,S,1400
09:30:50,10.56,S,600
09:30:50,10.56,S,100
09:30:50,10.56,S,4300
09:30:50,10.56,S,2100
09:30:50,10.56,S,2000
09:30:50,10.55,S,3500
09:30:50,10.54,S,800
09:30:50,10.54,S,1000
09:30:50,10.54,S,500
09:30:50,10.54,S,400
09:30:50,10.54,S,1000
09:30:50,10.52,S,3000
09:30:50,10.51,S,1000
09:30:50,10.5,S,1800
09:30:51,10.54,S,100
09:30:51,10.54,S,100
09:30:51,10.54,S,200
09:30:52,10.56,S,500
09:30:52,10.57,B,1600
09:30:52,10.58,B,3400
09:30:52,10.56,S,500
09:30:53,10.58,B,200
09:30:53,10.58,B,200
09:30:54,10.56,S,900
09:30:54,10.56,S,100
09:30:54,10.56,S,900
09:30:54,10.56,S,100
09:30:54,10.58,B,1100
09:30:55,10.58,B,2000
09:30:55,10.58,B,800
09:30:55,10.58,B,600
09:30:55,10.58,B,600
09:30:55,10.56,S,2600
09:30:55,10.56,S,500
09:30:55,10.56,S,1000
09:30:55,10.56,S,1900
09:30:55,10.56,S,100
09:30:55,10.55,S,1200
09:30:55,10.58,B,1200
09:30:56,10.55,S,200
09:30:56,10.55,S,300
09:30:56,10.54,S,600
09:30:56,10.54,S,1900
09:30:57,10.58,B,18200
09:30:57,10.58,B,1800
09:30:57,10.57,S,900
09:30:57,10.58,B,1000
09:30:57,10.57,S,100
09:30:58,10.57,S,1000
09:30:58,10.57,S,800
09:30:58,10.57,S,400
09:30:58,10.56,S,2500
09:30:58,10.56,S,500
09:30:58,10.56,S,500
09:30:58,10.56,S,100
09:30:58,10.56,S,100
09:30:58,10.56,S,500
09:30:58,10.55,S,1100
09:30:58,10.54,S,1300
09:30:58,10.54,S,2100
09:30:58,10.54,S,100
09:30:58,10.54,S,5000
09:30:58,10.54,S,4000
09:30:59,10.58,B,14000
09:30:59,10.59,B,1300
09:30:59,10.59,B,4300
09:30:59,10.59,B,400
09:30:59,10.59,B,100
09:30:59,10.59,B,7100
09:30:59,10.56,S,1000
09:30:59,10.58,S,2000
09:30:59,10.56,S,500
09:30:59,10.56,S,500
09:30:59,10.56,S,8300
09:31:00,10.56,S,100
09:31:00,10.56,S,2300
09:31:00,10.56,S,200
09:31:01,10.57,S,200
09:31:01,10.59,B,1900
09:31:01,10.59,B,7200
09:31:01,10.59,B,10000
09:31:01,10.57,S,300
09:31:01,10.56,S,700
09:31:02,10.59,B,5300
09:31:02,10.59,B,800
09:31:02,10.6,B,5000
09:31:02,10.6,B,1000
09:31:02,10.6,B,1000
09:31:02,10.6,B,800
09:31:02,10.6,B,1000
09:31:02,10.6,B,4000
09:31:02,10.6,B,400
09:31:02,10.6,B,10000
09:31:02,10.6,B,100
09:31:02,10.6,B,10000
09:31:02,10.6,B,400
09:31:02,10.6,B,5400
09:31:02,10.6,B,500
09:31:02,10.6,B,600
09:31:02,10.6,B,300
09:31:02,10.6,B,400
09:31:02,10.6,B,10800
09:31:02,10.6,B,700
09:31:02,10.6,B,400
09:31:02,10.6,B,500
09:31:02,10.6,B,1000
09:31:02,10.6,B,600
09:31:02,10.6,B,1000
09:31:02,10.6,B,200
09:31:02,10.6,B,3100
09:31:02,10.6,B,600
09:31:02,10.6,B,34100
09:31:02,10.58,S,400
09:31:03,10.58,S,2000
09:31:03,10.58,S,11900
09:31:03,10.58,S,10000
09:31:03,10.58,S,6000
09:31:03,10.58,S,800
09:31:03,10.58,S,1800
09:31:03,10.57,S,300
09:31:03,10.57,S,500
09:31:03,10.57,S,1000
09:31:03,10.57,S,200
09:31:03,10.57,S,100
09:31:03,10.56,S,23400
09:31:03,10.56,S,3000
09:31:03,10.56,S,500
09:31:03,10.56,S,200
09:31:03,10.56,S,300
09:31:03,10.56,S,5100
09:31:03,10.56,S,1000
09:31:03,10.56,S,1000
09:31:03,10.56,S,500
09:31:03,10.56,S,1300
09:31:03,10.56,S,2600
09:31:03,10.56,S,11400
09:31:03,10.56,S,2000
09:31:03,10.56,S,2000
09:31:03,10.55,S,400
09:31:03,10.55,S,2000
09:31:03,10.55,S,100
09:31:03,10.54,S,1000
09:31:03,10.54,S,2000
09:31:03,10.54,S,400
09:31:03,10.54,S,3000
09:31:03,10.54,S,100
09:31:03,10.54,S,200
09:31:03,10.54,S,5000
09:31:03,10.54,S,4300
09:31:03,10.54,S,100
09:31:03,10.54,S,500
09:31:03,10.54,S,200
09:31:03,10.54,S,2500
09:31:03,10.54,S,100
09:31:03,10.54,S,200
09:31:03,10.54,S,200
09:31:03,10.54,S,500
09:31:03,10.54,S,100
09:31:03,10.54,S,300
09:31:03,10.54,S,1000
09:31:03,10.54,S,100
09:31:03,10.54,S,1200
09:31:03,10.54,S,600
09:31:03,10.53,B,1000
09:31:03,10.53,B,1000
09:31:03,10.52,S,1000
09:31:03,10.53,B,300
09:31:03,10.53,B,1600
09:31:04,10.53,B,1000
09:31:04,10.53,B,2200
09:31:04,10.53,B,1000
09:31:04,10.52,S,700
09:31:04,10.53,B,700
09:31:04,10.53,B,100
09:31:05,10.53,B,1600
09:31:05,10.53,B,2000
09:31:05,10.53,B,900
09:31:05,10.55,B,100
09:31:05,10.56,B,1000
09:31:05,10.57,B,1800
09:31:05,10.56,S,500
09:31:05,10.55,B,100
09:31:06,10.55,B,1000
09:31:06,10.55,B,100
09:31:06,10.56,S,41100
09:31:06,10.57,B,200
09:31:06,10.59,S,300
09:31:06,10.58,S,700
09:31:06,10.6,B,500
09:31:06,10.58,S,1100
09:31:06,10.6,B,5000
09:31:06,10.6,B,300
09:31:07,10.58,S,100
09:31:07,10.58,S,100
09:31:07,10.6,B,3100
09:31:07,10.58,S,800
09:31:07,10.57,S,200
09:31:07,10.57,S,300
09:31:07,10.58,S,200
09:31:07,10.57,S,200
09:31:07,10.57,S,800
09:31:07,10.57,S,100
09:31:07,10.56,S,1800
09:31:07,10.56,S,500
09:31:07,10.56,S,300
09:31:08,10.59,S,100
09:31:08,10.59,S,400
09:31:08,10.6,B,1000
09:31:08,10.59,S,900
09:31:08,10.59,S,1900
09:31:09,10.59,S,700
09:31:09,10.59,S,1000
09:31:09,10.58,S,1000
09:31:09,10.57,S,300
09:31:09,10.57,S,200
09:31:09,10.57,S,300
09:31:09,10.57,S,200
09:31:09,10.57,S,1500
09:31:09,10.57,S,400
09:31:09,10.58,B,500
09:31:09,10.58,B,200
09:31:10,10.59,S,200
09:31:10,10.57,S,4200
09:31:10,10.57,S,100
09:31:10,10.6,B,1000
09:31:10,10.57,S,1600
09:31:10,10.57,S,700
09:31:11,10.57,S,3100
09:31:11,10.57,S,300
09:31:11,10.57,S,400
09:31:12,10.59,S,200
09:31:12,10.58,S,100
09:31:12,10.58,S,400
09:31:12,10.58,S,1800
09:31:13,10.59,S,2000
09:31:13,10.58,S,1000
09:31:13,10.6,B,300
09:31:13,10.6,B,1700
09:31:14,10.59,S,1000
09:31:14,10.59,S,600
09:31:15,10.59,S,1400
09:31:15,10.59,S,1000
09:31:15,10.59,S,100
09:31:15,10.59,S,300
09:31:15,10.59,S,100
09:31:15,10.59,S,1000
09:31:15,10.59,S,200
09:31:15,10.59,S,1700
09:31:15,10.58,S,1300
09:31:15,10.58,S,100
09:31:16,10.58,S,400
09:31:16,10.58,S,600
09:31:16,10.58,S,1100
09:31:16,10.59,S,100
09:31:16,10.58,S,7900
09:31:16,10.58,S,700
09:31:16,10.58,S,8400
09:31:16,10.58,S,300
09:31:16,10.6,B,2900
09:31:17,10.58,S,2000
09:31:17,10.58,S,1000
09:31:17,10.58,S,1300
09:31:17,10.6,B,100
09:31:17,10.6,B,100
09:31:17,10.6,B,1000
09:31:17,10.58,S,2500
09:31:17,10.6,B,500
09:31:17,10.58,S,4500
09:31:18,10.6,B,200
09:31:18,10.59,S,1000
09:31:18,10.59,S,300
09:31:18,10.58,S,2700
09:31:19,10.6,B,600
09:31:19,10.6,B,2000
09:31:19,10.6,B,2400
09:31:19,10.6,B,600
09:31:19,10.6,B,800
09:31:19,10.6,B,300
09:31:19,10.6,B,100
09:31:19,10.6,B,200
09:31:19,10.59,S,100
09:31:19,10.6,B,200
09:31:19,10.59,S,600
09:31:19,10.58,S,3500
09:31:19,10.58,S,2000
09:31:19,10.58,S,4000
09:31:19,10.6,B,200
09:31:19,10.62,B,900
09:31:19,10.64,B,900
09:31:20,10.58,S,700
09:31:20,10.58,S,700
09:31:21,10.58,S,100
09:31:21,10.58,S,400
09:31:21,10.61,S,700
09:31:21,10.58,S,200
09:31:22,10.58,S,400
09:31:22,10.6,S,400
09:31:22,10.6,S,100
09:31:22,10.6,S,500
09:31:23,10.6,S,4700
09:31:23,10.6,S,300
09:31:23,10.6,S,400
09:31:24,10.6,S,500
09:31:24,10.6,S,1100
09:31:24,10.59,S,1000
09:31:25,10.59,S,1200
09:31:25,10.59,S,100
09:31:25,10.59,S,500
09:31:25,10.59,S,1500
09:31:25,10.59,S,2000
09:31:25,10.59,S,1000
09:31:25,10.58,S,1500
09:31:26,10.6,B,100
09:31:26,10.62,B,300
09:31:27,10.6,S,100
09:31:27,10.59,S,300
09:31:27,10.59,S,5000
09:31:27,10.59,S,300
09:31:27,10.62,B,100
09:31:28,10.6,S,100
09:31:28,10.6,S,300
09:31:28,10.6,S,600
09:31:28,10.6,S,1000
09:31:28,10.6,S,900
09:31:29,10.6,S,500
09:31:29,10.6,S,1300
09:31:29,10.6,S,4400
09:31:29,10.6,S,100
09:31:29,10.59,S,1200
09:31:29,10.62,B,300
09:31:29,10.59,S,300
09:31:29,10.6,S,100
09:31:30,10.62,B,200
09:31:30,10.6,S,600
09:31:30,10.6,S,300
09:31:30,10.6,S,200
09:31:30,10.62,B,3100
09:31:31,10.6,S,800
09:31:31,10.6,S,1000
09:31:31,10.6,S,500
09:31:31,10.6,S,500
09:31:31,10.6,S,300
09:31:31,10.6,S,2000
09:31:31,10.6,S,700
09:31:31,10.6,S,100
09:31:32,10.62,B,1000
09:31:32,10.6,S,700
09:31:33,10.6,S,300
09:31:33,10.61,S,2000
09:31:33,10.64,B,700
09:31:34,10.62,S,100
09:31:34,10.64,B,1400
09:31:34,10.64,B,300
09:31:34,10.62,S,1600
09:31:34,10.64,B,500
09:31:35,10.62,S,300
09:31:35,10.61,S,500
09:31:35,10.61,S,500
09:31:35,10.61,S,100
09:31:36,10.61,S,500
09:31:36,10.64,B,1200
09:31:36,10.64,B,1800
09:31:37,10.61,S,300
09:31:37,10.61,S,400
09:31:37,10.61,S,200
09:31:37,10.64,B,1000
09:31:37,10.64,B,500
09:31:37,10.61,S,500
09:31:39,10.61,S,900
09:31:39,10.61,S,900
09:31:39,10.61,S,100
09:31:39,10.61,S,700
09:31:39,10.64,B,3700
09:31:39,10.64,B,3000
09:31:39,10.64,B,200
09:31:39,10.65,B,100
09:31:39,10.65,B,700
09:31:39,10.65,B,100
09:31:39,10.65,B,200
09:31:39,10.65,B,500
09:31:39,10.65,S,500
09:31:40,10.65,S,1000
09:31:40,10.65,S,1000
09:31:40,10.65,S,2300
09:31:41,10.65,S,400
09:31:41,10.61,S,600
09:31:41,10.66,B,200
09:31:41,10.66,B,300
09:31:41,10.66,B,1000
09:31:41,10.66,B,2000
09:31:41,10.66,B,3500
09:31:41,10.64,S,1300
09:31:41,10.62,S,400
09:31:41,10.62,S,3000
09:31:41,10.62,S,1300
09:31:41,10.62,S,600
09:31:42,10.65,B,2600
09:31:42,10.65,B,100
09:31:42,10.65,B,2700
09:31:42,10.66,B,200
09:31:42,10.62,S,200
09:31:43,10.62,S,900
09:31:43,10.62,S,300
09:31:43,10.64,S,1000
09:31:43,10.62,S,100
09:31:43,10.61,S,200
09:31:44,10.64,S,500
09:31:44,10.64,S,100
09:31:44,10.64,S,500
09:31:44,10.64,S,200
09:31:44,10.64,S,300
09:31:45,10.64,S,200
09:31:45,10.64,S,800
09:31:45,10.64,S,200
09:31:46,10.64,S,200
09:31:46,10.65,S,100
09:31:46,10.64,S,900
09:31:46,10.64,S,200
09:31:46,10.64,S,300
09:31:46,10.64,S,400
09:31:46,10.62,S,200
09:31:46,10.62,S,1000
09:31:46,10.62,S,900
09:31:46,10.61,S,500
09:31:47,10.62,S,100
09:31:47,10.61,S,200
09:31:47,10.61,S,400
09:31:47,10.61,S,200
09:31:47,10.62,B,100
09:31:48,10.66,B,1000
09:31:48,10.65,S,300
09:31:48,10.64,S,100
09:31:48,10.64,S,100
09:31:48,10.64,S,400
09:31:48,10.64,S,2100
09:31:48,10.63,S,3800
09:31:48,10.61,S,800
09:31:48,10.61,S,20000
09:31:48,10.61,S,2000
09:31:48,10.61,S,1000
09:31:48,10.61,S,2000
09:31:48,10.6,S,200
09:31:48,10.6,S,5000
09:31:48,10.6,S,100
09:31:48,10.6,S,200
09:31:48,10.6,S,700
09:31:48,10.6,S,1000
09:31:48,10.6,S,2400
09:31:48,10.6,S,1800
09:31:48,10.6,S,1000
09:31:48,10.6,S,5000
09:31:48,10.6,S,1000
09:31:48,10.6,S,600
09:31:48,10.6,S,100
09:31:48,10.6,S,2000
09:31:48,10.6,S,800
09:31:48,10.6,S,1000
09:31:48,10.6,S,1000
09:31:48,10.6,S,100
09:31:48,10.6,S,100
09:31:48,10.6,S,700
09:31:48,10.6,S,500
09:31:48,10.6,S,2000
09:31:48,10.6,S,100
09:31:48,10.6,S,1600
09:31:48,10.6,S,39300
09:31:49,10.6,S,900
09:31:49,10.62,S,400
09:31:49,10.62,S,100
09:31:49,10.6,S,500
09:31:49,10.6,S,700
09:31:49,10.66,B,2000
09:31:51,10.62,B,200
09:31:51,10.66,B,1800
09:31:51,10.65,B,100
09:31:51,10.65,B,100
09:31:51,10.65,B,100
09:31:52,10.64,S,1000
09:31:52,10.64,S,19000
09:31:52,10.64,S,4000
09:31:52,10.64,S,9500
09:31:52,10.6,S,800
09:31:52,10.6,S,200
09:31:52,10.6,S,1000
09:31:52,10.6,S,500
09:31:52,10.6,S,600
09:31:52,10.6,S,1000
09:31:52,10.6,S,1000
09:31:52,10.6,S,400
09:31:52,10.6,S,1000
09:31:52,10.6,S,10000
09:31:52,10.6,S,1000
09:31:52,10.6,S,8300
09:31:52,10.65,B,100
09:31:52,10.66,B,700
09:31:52,10.6,S,300
09:31:53,10.62,S,400
09:31:53,10.66,B,100
09:31:53,10.66,B,100
09:31:53,10.65,S,200
09:31:54,10.66,B,9100
09:31:54,10.66,B,7500
09:31:54,10.66,B,1000
09:31:54,10.66,B,1500
09:31:54,10.66,B,1000
09:31:54,10.66,B,500
09:31:54,10.66,B,100
09:31:54,10.66,B,200
09:31:55,10.65,S,4800
09:31:55,10.65,S,100
09:31:55,10.66,B,200
09:31:55,10.65,S,900
09:31:55,10.65,S,3400
09:31:55,10.65,S,6600
09:31:55,10.65,S,3400
09:31:56,10.65,S,1300
09:31:56,10.64,S,700
09:31:56,10.64,S,4000
09:31:56,10.66,B,600
09:31:56,10.66,S,3400
09:31:56,10.66,S,3200
09:31:56,10.65,B,6300
09:31:56,10.65,B,3700
09:31:57,10.64,S,500
09:31:58,10.65,B,2400
09:31:58,10.65,B,200
09:31:58,10.64,S,200
09:31:58,10.65,B,3200
09:31:59,10.64,S,100
09:31:59,10.65,B,1400
09:31:59,10.65,B,4900
09:31:59,10.64,S,200
09:31:59,10.64,S,1400
09:31:59,10.64,S,1100
09:31:59,10.64,S,100
09:31:59,10.64,S,100
09:31:59,10.64,S,100
09:31:59,10.64,S,200
09:31:59,10.64,S,200
09:31:59,10.64,S,300
09:32:00,10.64,S,300
09:32:00,10.64,S,1500
09:32:00,10.65,B,2000
09:32:00,10.65,B,4000
09:32:00,10.65,B,2800
09:32:00,10.65,B,3100
09:32:00,10.65,B,5800
09:32:00,10.65,B,3500
09:32:00,10.65,B,3400
09:32:00,10.65,B,900
09:32:00,10.67,B,100
09:32:00,10.67,B,100
09:32:00,10.67,B,1500
09:32:00,10.67,B,1000
09:32:00,10.67,B,200
09:32:00,10.67,B,400
09:32:00,10.67,B,600
09:32:00,10.67,B,200
09:32:00,10.67,B,200
09:32:00,10.67,B,200
09:32:00,10.67,B,3000
09:32:00,10.67,B,600
09:32:00,10.67,B,200
09:32:00,10.67,B,300
09:32:00,10.67,B,200
09:32:00,10.67,B,100
09:32:00,10.67,B,400
09:32:00,10.67,B,100
09:32:00,10.67,B,400
09:32:00,10.67,B,400
09:32:00,10.67,B,1000
09:32:00,10.67,B,100
09:32:00,10.67,B,300
09:32:00,10.67,B,100
09:32:00,10.67,B,2400
09:32:00,10.67,B,100
09:32:00,10.67,B,100
09:32:00,10.67,B,300
09:32:00,10.67,B,4700
09:32:00,10.67,B,300
09:32:00,10.67,B,900
09:32:00,10.67,B,1000
09:32:00,10.67,B,200
09:32:00,10.67,B,5700
09:32:00,10.67,B,100
09:32:00,10.67,B,1000
09:32:00,10.67,B,1500
09:32:00,10.67,B,200
09:32:00,10.67,B,1000
09:32:00,10.67,B,400
09:32:00,10.67,B,1000
09:32:00,10.67,B,1100
09:32:00,10.67,B,100
09:32:00,10.67,B,1900
09:32:00,10.67,B,800
09:32:00,10.67,B,400
09:32:00,10.67,B,400
09:32:00,10.67,B,300
09:32:00,10.67,B,10
09:32:00,10.67,B,900
09:32:00,10.67,B,800
09:32:00,10.67,B,100
09:32:00,10.67,B,1000
09:32:00,10.67,B,100
09:32:00,10.67,B,100
09:32:00,10.67,B,200
09:32:00,10.67,B,300
09:32:00,10.67,B,7390
09:32:01,10.66,S,100
09:32:01,10.66,S,100
09:32:02,10.66,S,800
09:32:02,10.66,S,1400
09:32:02,10.66,S,100
09:32:02,10.66,S,200
09:32:02,10.66,S,2300
09:32:02,10.66,S,700
09:32:02,10.64,S,7900
09:32:02,10.64,S,500
09:32:02,10.64,S,900
09:32:02,10.66,S,500
09:32:02,10.66,S,2900
09:32:02,10.66,S,200
09:32:03,10.64,S,600
09:32:03,10.66,B,2000
09:32:03,10.66,B,5600
09:32:03,10.66,B,4400
09:32:03,10.66,B,100
09:32:03,10.66,B,400
09:32:03,10.66,B,5200
09:32:03,10.66,B,300
09:32:03,10.65,S,300
09:32:03,10.66,B,700
09:32:03,10.66,B,2000
09:32:03,10.64,S,500
09:32:03,10.64,S,500
09:32:04,10.66,B,1000
09:32:04,10.66,B,400
09:32:04,10.66,B,100
09:32:04,10.64,S,200
09:32:04,10.66,B,200
09:32:04,10.66,B,1000
09:32:05,10.66,B,900
09:32:05,10.66,B,4500
09:32:05,10.66,B,300
09:32:05,10.66,B,700
09:32:05,10.65,S,500
09:32:05,10.66,B,1000
09:32:05,10.66,B,3400
09:32:05,10.66,B,4600
09:32:05,10.66,B,2000
09:32:05,10.65,S,500
09:32:05,10.65,S,2000
09:32:05,10.64,S,300
09:32:05,10.64,S,300
09:32:05,10.64,S,2200
09:32:05,10.64,S,500
09:32:05,10.64,S,100
09:32:05,10.64,S,2000
09:32:05,10.64,S,500
09:32:05,10.64,S,1000
09:32:05,10.63,S,100
09:32:05,10.63,S,500
09:32:05,10.64,B,2000
09:32:06,10.64,B,300
09:32:06,10.63,S,200
09:32:06,10.63,S,200
09:32:06,10.62,S,300
09:32:06,10.62,S,4400
09:32:06,10.64,B,1000
09:32:07,10.64,B,1300
09:32:07,10.62,S,1600
09:32:07,10.64,B,200
09:32:08,10.64,B,3400
09:32:08,10.64,B,2600
09:32:08,10.64,B,2000
09:32:08,10.62,S,2700
09:32:08,10.64,B,300
09:32:09,10.64,B,200
09:32:09,10.64,B,200
09:32:09,10.64,B,800
09:32:09,10.64,B,1000
09:32:09,10.64,B,100
09:32:09,10.64,B,100
09:32:09,10.64,B,600
09:32:09,10.64,B,400
09:32:09,10.62,S,100
09:32:09,10.62,S,500
09:32:09,10.62,S,1000
09:32:09,10.64,B,100
09:32:09,10.64,B,100
09:32:09,10.64,B,1000
09:32:10,10.64,B,1200
09:32:10,10.64,B,2900
09:32:10,10.64,B,900
09:32:10,10.64,B,500
09:32:10,10.64,B,4500
09:32:10,10.64,B,5000
09:32:10,10.64,B,2500
09:32:10,10.64,B,5400
09:32:10,10.64,B,2900
09:32:10,10.64,B,3400
09:32:10,10.65,B,700
09:32:10,10.65,B,4800
09:32:10,10.65,B,17000
09:32:10,10.65,B,200
09:32:10,10.65,B,200
09:32:10,10.66,B,1000
09:32:10,10.67,B,2400
09:32:10,10.67,B,1300
09:32:10,10.66,S,500
09:32:10,10.66,S,500
09:32:10,10.67,B,400
09:32:10,10.66,S,500
09:32:10,10.66,S,1600
09:32:10,10.64,S,100
09:32:10,10.62,S,1000
09:32:10,10.62,S,1000
09:32:10,10.62,S,100
09:32:11,10.66,S,300
09:32:11,10.66,S,9600
09:32:11,10.66,S,4100
09:32:11,10.62,S,8400
09:32:11,10.62,S,100
09:32:11,10.62,S,100
09:32:11,10.62,S,7300
09:32:11,10.66,S,200
09:32:11,10.65,S,2900
09:32:11,10.64,S,500
09:32:11,10.62,S,3700
09:32:11,10.62,S,15400
09:32:11,10.66,B,200
09:32:11,10.66,B,100
09:32:11,10.64,S,200
09:32:12,10.65,B,1000
09:32:13,10.65,B,9000
09:32:13,10.65,B,5100
09:32:13,10.65,B,4600
09:32:13,10.65,S,2000
09:32:13,10.65,S,3400
09:32:13,10.64,S,300
09:32:13,10.62,S,1400
09:32:13,10.66,B,1200
09:32:13,10.66,B,1500
09:32:13,10.66,B,1500
09:32:13,10.66,B,800
09:32:13,10.66,B,400
09:32:13,10.66,B,1500
09:32:13,10.66,B,800
09:32:13,10.66,B,1500
09:32:13,10.66,B,1500
09:32:13,10.66,B,1500
09:32:13,10.66,B,1500
09:32:13,10.66,B,1500
09:32:13,10.66,B,1500
09:32:13,10.66,B,1300
09:32:13,10.66,B,100
09:32:14,10.66,B,100
09:32:14,10.66,B,1500
09:32:14,10.66,B,1500
09:32:14,10.66,B,1500
09:32:14,10.66,S,5000
09:32:15,10.67,B,300
09:32:15,10.66,S,100
09:32:15,10.66,S,300
09:32:15,10.66,S,1000
09:32:15,10.66,S,1300
09:32:15,10.66,S,500
09:32:15,10.66,S,200
09:32:15,10.66,S,300
09:32:16,10.67,B,300
09:32:16,10.66,S,600
09:32:17,10.66,S,2200
09:32:17,10.66,S,1800
09:32:17,10.66,S,900
09:32:17,10.66,S,1000
09:32:17,10.66,S,900
09:32:17,10.66,B,1300
09:32:17,10.67,B,1700
09:32:17,10.65,S,2300
09:32:17,10.66,B,3000
09:32:18,10.65,S,400
09:32:18,10.65,S,100
09:32:18,10.66,B,2900
09:32:18,10.66,B,3300
09:32:18,10.66,B,1000
09:32:19,10.65,S,300
09:32:19,10.65,S,500
09:32:19,10.66,B,500
09:32:19,10.66,B,100
09:32:19,10.65,S,4600
09:32:19,10.66,B,100
09:32:20,10.66,B,800
09:32:20,10.66,B,100
09:32:20,10.66,B,400
09:32:20,10.66,B,5500
09:32:20,10.66,B,3400
09:32:20,10.66,B,1000
09:32:20,10.66,B,1500
09:32:20,10.66,B,600
09:32:20,10.65,S,44400
09:32:20,10.65,S,28800
09:32:20,10.65,S,17800
09:32:20,10.65,S,15800
09:32:20,10.65,S,8700
09:32:20,10.65,S,17900
09:32:20,10.65,S,9400
09:32:20,10.65,S,9600
09:32:21,10.65,S,4200
09:32:21,10.66,B,300
09:32:21,10.66,B,300
09:32:21,10.65,S,10600
09:32:21,10.65,S,2000
09:32:21,10.66,B,500
09:32:22,10.66,B,500
09:32:22,10.65,S,8500
09:32:22,10.66,B,2000
09:32:22,10.66,B,900
09:32:22,10.65,S,8000
09:32:22,10.66,B,800
09:32:22,10.66,B,200
09:32:22,10.66,B,400
09:32:22,10.66,B,5900
09:32:22,10.66,B,5900
09:32:22,10.66,B,1600
09:32:22,10.66,B,5900
09:32:22,10.66,B,5900
09:32:22,10.66,B,1000
09:32:22,10.66,B,1000
09:32:22,10.66,B,100
09:32:22,10.66,B,8000
09:32:22,10.66,B,1000
09:32:22,10.67,B,13300
09:32:23,10.67,B,100
09:32:23,10.66,S,700
09:32:23,10.66,S,300
09:32:23,10.66,S,700
09:32:23,10.66,S,300
09:32:23,10.66,S,500
09:32:23,10.66,S,200
09:32:23,10.66,S,1000
09:32:23,10.66,S,300
09:32:23,10.66,S,700
09:32:24,10.66,S,300
09:32:24,10.66,S,500
09:32:24,10.65,S,1700
09:32:24,10.67,B,1000
09:32:24,10.66,B,200
09:32:24,10.65,S,500
09:32:24,10.65,S,200
09:32:24,10.66,B,800
09:32:24,10.66,B,200
09:32:25,10.65,S,1000
09:32:25,10.65,S,2700
09:32:25,10.65,S,1000
09:32:25,10.65,S,900
09:32:25,10.65,S,500
09:32:25,10.65,S,400
09:32:25,10.65,S,300
09:32:25,10.65,S,1000
09:32:25,10.65,S,3100
09:32:25,10.65,S,1200
09:32:25,10.66,B,500
09:32:25,10.66,B,300
09:32:25,10.66,B,1000
09:32:25,10.67,B,10000
09:32:25,10.66,S,3200
09:32:25,10.65,S,1900
09:32:25,10.65,S,2000
09:32:25,10.65,S,10000
09:32:25,10.65,S,300
09:32:25,10.65,S,300
09:32:25,10.65,S,800
09:32:25,10.65,S,2900
09:32:25,10.65,S,200
09:32:25,10.65,S,600
09:32:25,10.65,S,900
09:32:25,10.65,S,1000
09:32:25,10.64,S,1000
09:32:25,10.64,S,1900
09:32:25,10.64,S,200
09:32:25,10.64,S,1000
09:32:25,10.64,S,200
09:32:25,10.64,S,6800
09:32:25,10.64,S,600
09:32:25,10.64,S,500
09:32:25,10.64,S,200
09:32:25,10.64,S,900
09:32:25,10.64,S,1000
09:32:25,10.64,S,200
09:32:25,10.64,S,100
09:32:25,10.64,S,1000
09:32:25,10.64,S,5000
09:32:25,10.64,S,2000
09:32:25,10.64,S,1000
09:32:25,10.63,S,2000
09:32:25,10.62,S,2200
09:32:25,10.62,S,4900
09:32:25,10.62,S,3000
09:32:25,10.62,S,100
09:32:25,10.62,S,1000
09:32:25,10.62,S,1000
09:32:25,10.62,S,100
09:32:25,10.62,S,1000
09:32:25,10.62,S,1500
09:32:25,10.62,S,2000
09:32:25,10.62,S,500
09:32:25,10.62,S,5000
09:32:25,10.62,S,100
09:32:25,10.61,S,2000
09:32:25,10.61,S,5000
09:32:25,10.61,S,500
09:32:25,10.6,S,4800
09:32:25,10.6,S,5000
09:32:25,10.6,S,100
09:32:25,10.6,S,5400
09:32:25,10.6,S,600
09:32:25,10.6,S,4300
09:32:25,10.6,S,500
09:32:25,10.6,S,600
09:32:25,10.6,S,4500
09:32:25,10.6,S,100
09:32:25,10.6,S,500
09:32:25,10.6,S,3000
09:32:25,10.6,S,2000
09:32:25,10.6,S,2000
09:32:25,10.6,S,200
09:32:25,10.6,S,2000
09:32:25,10.6,S,1800
09:32:25,10.6,S,2000
09:32:25,10.6,S,1800
09:32:25,10.6,S,10000
09:32:25,10.6,S,500
09:32:25,10.6,S,4700
09:32:25,10.6,S,200
09:32:25,10.6,S,1000
09:32:25,10.6,S,1000
09:32:25,10.6,S,5000
09:32:25,10.6,S,100
09:32:25,10.6,S,800
09:32:25,10.6,S,1000
09:32:25,10.6,S,400
09:32:25,10.6,S,2000
09:32:25,10.6,S,900
09:32:25,10.6,S,200
09:32:25,10.6,S,1000
09:32:25,10.6,S,500
09:32:25,10.6,S,5100
09:32:25,10.6,S,3000
09:32:25,10.6,S,2100
09:32:25,10.6,S,400
09:32:25,10.6,S,5200
09:32:25,10.6,S,700
09:32:25,10.6,S,1500
09:32:25,10.6,S,400
09:32:25,10.6,S,500
09:32:25,10.6,S,3000
09:32:25,10.6,S,10000
09:32:25,10.6,S,1000
09:32:25,10.6,S,5000
09:32:25,10.6,S,800
09:32:25,10.6,S,100
09:32:25,10.6,S,2000
09:32:25,10.6,S,2200
09:32:25,10.6,S,1000
09:32:25,10.6,S,2000
09:32:25,10.6,S,400
09:32:25,10.6,S,500
09:32:25,10.6,S,3000
09:32:25,10.66,S,100
09:32:26,10.66,S,2300
09:32:26,10.66,S,2600
09:32:26,10.66,B,1000
09:32:26,10.66,B,200
09:32:26,10.64,S,500
09:32:26,10.64,S,400
09:32:26,10.64,S,200
09:32:26,10.66,B,1500
09:32:28,10.66,S,200
09:32:28,10.66,S,5000
09:32:28,10.64,S,400
09:32:28,10.64,S,200
09:32:28,10.64,S,200
09:32:28,10.64,S,500
09:32:28,10.64,S,1000
09:32:28,10.64,S,19300
09:32:28,10.63,S,800
09:32:28,10.62,S,3000
09:32:28,10.62,B,900
09:32:28,10.62,B,4300
09:32:28,10.62,B,300
09:32:28,10.64,B,1400
09:32:28,10.64,B,100
09:32:28,10.62,B,400
09:32:28,10.61,B,100
09:32:29,10.62,B,1300
09:32:29,10.64,B,300
09:32:29,10.65,B,100
09:32:29,10.65,B,2100
09:32:29,10.66,S,1000
09:32:29,10.67,B,500
09:32:29,10.66,S,2500
09:32:29,10.66,S,200
09:32:29,10.67,B,700
09:32:29,10.66,S,2500
09:32:29,10.66,S,3000
09:32:30,10.67,B,800
09:32:30,10.66,S,100
09:32:30,10.66,S,100
09:32:31,10.66,S,900
09:32:31,10.66,S,100
09:32:31,10.66,S,100
09:32:32,10.66,S,500
09:32:32,10.67,B,600
09:32:32,10.66,S,2500
09:32:32,10.67,B,1100
09:32:32,10.66,S,42700
09:32:32,10.66,S,2100
09:32:32,10.66,S,2000
09:32:32,10.66,S,800
09:32:32,10.66,S,1100
09:32:32,10.66,S,900
09:32:32,10.66,S,200
09:32:32,10.65,S,1000
09:32:32,10.66,B,100
09:32:33,10.65,S,200
09:32:33,10.66,B,10000
09:32:33,10.66,B,1000
09:32:33,10.66,B,500
09:32:33,10.66,B,500
09:32:33,10.65,S,600
09:32:33,10.65,S,1600
09:32:34,10.65,S,2100
09:32:34,10.65,S,2000
09:32:34,10.64,S,500
09:32:34,10.64,S,1000
09:32:34,10.64,S,1200
09:32:34,10.64,S,800
09:32:34,10.64,S,1000
09:32:34,10.64,S,4500
09:32:34,10.63,S,1000
09:32:34,10.61,S,700
09:32:34,10.6,S,2000
09:32:34,10.6,S,1000
09:32:34,10.6,S,2200
09:32:34,10.66,B,300
09:32:34,10.64,B,200
09:32:35,10.6,S,500
09:32:35,10.6,S,1800
09:32:35,10.64,B,300
09:32:35,10.66,B,13200
09:32:35,10.66,B,3300
09:32:35,10.66,B,11600
09:32:35,10.66,B,2000
09:32:35,10.65,S,900
09:32:35,10.6,S,2600
09:32:35,10.6,S,3200
09:32:35,10.6,S,2300
09:32:35,10.6,S,1600
09:32:35,10.66,B,300
09:32:35,10.66,B,1000
09:32:36,10.65,B,500
09:32:36,10.66,B,1500
09:32:36,10.64,S,1000
09:32:36,10.6,S,1000
09:32:37,10.6,S,1800
09:32:37,10.65,B,800
09:32:37,10.66,B,27200
09:32:37,10.66,B,1000
09:32:38,10.62,B,4500
09:32:38,10.62,B,100
09:32:38,10.65,B,100
09:32:38,10.65,B,500
09:32:38,10.65,B,1000
09:32:38,10.64,S,100
09:32:38,10.64,S,1000
09:32:38,10.62,S,1000
09:32:38,10.6,S,1900
09:32:38,10.65,B,100
09:32:39,10.65,B,300
09:32:39,10.65,B,400
09:32:39,10.65,B,100
09:32:39,10.66,B,4700
09:32:39,10.66,B,200
09:32:39,10.65,S,500
09:32:39,10.64,S,100
09:32:39,10.6,S,6100
09:32:39,10.6,S,600
09:32:39,10.6,S,1000
09:32:39,10.6,S,5000
09:32:39,10.6,S,500
09:32:39,10.6,S,6200
09:32:40,10.66,B,100
09:32:40,10.66,B,600
09:32:40,10.66,B,400
09:32:40,10.66,B,21300
09:32:40,10.66,B,15700
09:32:40,10.66,B,7500
09:32:40,10.66,B,22400
09:32:40,10.66,B,100
09:32:40,10.66,B,100
09:32:41,10.66,B,1000
09:32:41,10.65,B,200
09:32:41,10.64,S,200
09:32:41,10.62,S,300
09:32:41,10.65,B,1000
09:32:42,10.64,S,2000
09:32:43,10.64,S,2000
09:32:43,10.65,B,200
09:32:43,10.65,B,300
09:32:43,10.65,B,500
09:32:43,10.64,S,200
09:32:44,10.65,B,5000
09:32:44,10.64,S,5800
09:32:44,10.64,S,100
09:32:44,10.64,S,8700
09:32:44,10.65,B,100
09:32:44,10.65,B,7700
09:32:44,10.65,B,100
09:32:44,10.66,B,3300
09:32:44,10.64,S,34200
09:32:44,10.66,B,2000
09:32:44,10.64,S,20100
09:32:44,10.64,S,18500
09:32:44,10.66,B,500
09:32:44,10.66,B,700
09:32:44,10.66,B,500
09:32:44,10.66,B,5000
09:32:45,10.64,S,10900
09:32:45,10.65,B,300
09:32:45,10.65,B,500
09:32:45,10.65,B,1000
09:32:45,10.64,S,15900
09:32:45,10.64,S,14700
09:32:46,10.65,B,700
09:32:46,10.64,S,1100
09:32:47,10.64,S,700
09:32:47,10.64,S,8100
09:32:47,10.64,S,7000
09:32:47,10.64,S,1000
09:32:47,10.64,S,1100
09:32:48,10.63,B,300
09:32:48,10.63,B,1000
09:32:48,10.63,B,700
09:32:48,10.64,B,500
09:32:48,10.64,B,500
09:32:48,10.62,S,100
09:32:48,10.62,S,100
09:32:49,10.64,B,500
09:32:49,10.64,B,200
09:32:49,10.64,B,3600
09:32:49,10.64,B,3800
09:32:50,10.64,B,800
09:32:50,10.64,B,7700
09:32:50,10.64,B,100
09:32:50,10.64,B,500
09:32:50,10.64,B,3600
09:32:50,10.64,B,5900
09:32:50,10.64,B,300
09:32:50,10.65,B,4800
09:32:50,10.65,B,300
09:32:50,10.65,B,2400
09:32:50,10.65,B,500
09:32:50,10.62,S,300
09:32:51,10.62,B,100
09:32:51,10.62,B,1000
09:32:51,10.62,B,1000
09:32:51,10.62,B,200
09:32:51,10.62,B,1000
09:32:51,10.6,S,400
09:32:51,10.62,B,1400
09:32:51,10.63,B,4300
09:32:51,10.65,B,300
09:32:51,10.65,B,100
09:32:51,10.65,B,200
09:32:51,10.65,B,5000
09:32:51,10.65,B,500
09:32:51,10.65,B,100
09:32:52,10.65,B,200
09:32:52,10.64,S,200
09:32:52,10.65,B,100
09:32:52,10.64,S,3200
09:32:52,10.62,S,8600
09:32:52,10.6,S,4400
09:32:52,10.6,S,2000
09:32:52,10.6,S,2800
09:32:52,10.65,B,100
09:32:52,10.65,B,200
09:32:53,10.6,S,300
09:32:53,10.6,S,700
09:32:53,10.6,S,200
09:32:53,10.6,S,500
09:32:53,10.6,S,300
09:32:53,10.6,S,10800
09:32:53,10.6,S,1000
09:32:53,10.6,S,500
09:32:53,10.6,S,200
09:32:53,10.6,S,500
09:32:53,10.6,S,400
09:32:53,10.65,B,100
09:32:53,10.65,B,600
09:32:53,10.65,B,1000
09:32:53,10.61,S,400
09:32:53,10.64,B,100
09:32:53,10.65,B,900
09:32:53,10.65,B,10000
09:32:53,10.65,B,3000
09:32:54,10.65,B,1000
09:32:54,10.65,B,25500
09:32:54,10.65,B,500
09:32:54,10.66,B,1000
09:32:54,10.66,B,1500
09:32:54,10.66,B,300
09:32:54,10.66,B,2000
09:32:54,10.66,B,300
09:32:54,10.66,B,1800
09:32:54,10.66,B,1000
09:32:54,10.66,B,100
09:32:54,10.66,B,100
09:32:54,10.66,B,3700
09:32:54,10.66,B,100
09:32:54,10.66,B,300
09:32:54,10.66,B,2100
09:32:54,10.66,B,500
09:32:54,10.66,B,500
09:32:54,10.66,B,500
09:32:54,10.66,B,100
09:32:54,10.66,S,2600
09:32:54,10.66,S,200
09:32:54,10.66,S,100
09:32:54,10.66,S,5000
09:32:54,10.66,S,4000
09:32:54,10.66,S,10000
09:32:54,10.66,S,2200
09:32:54,10.67,B,3000
09:32:54,10.67,B,200
09:32:55,10.66,S,3400
09:32:55,10.66,S,100
09:32:55,10.66,S,5700
09:32:55,10.65,B,500
09:32:55,10.63,S,100
09:32:55,10.65,B,5200
09:32:55,10.65,B,500
09:32:55,10.66,B,100
09:32:55,10.67,B,200
09:32:56,10.66,S,100
09:32:56,10.66,S,200
09:32:56,10.66,S,100
09:32:56,10.66,S,300
09:32:56,10.66,S,100
09:32:56,10.66,S,1500
09:32:56,10.66,S,300
09:32:56,10.66,S,1200
09:32:56,10.66,S,1800
09:32:57,10.66,S,2000
09:32:57,10.66,S,300
09:32:57,10.66,S,1000
09:32:57,10.66,S,600
09:32:57,10.66,S,400
09:32:57,10.67,B,1000
09:32:58,10.67,B,2700
09:32:58,10.66,S,2700
09:32:58,10.66,S,1000
09:32:58,10.66,S,1000
09:32:58,10.65,S,9700
09:32:58,10.66,B,200
09:32:59,10.66,B,100
09:32:59,10.65,S,100
09:32:59,10.65,S,200
09:32:59,10.65,S,5600
09:32:59,10.65,S,4500
09:32:59,10.65,S,500
09:32:59,10.65,S,27600
09:33:00,10.64,S,100
09:33:00,10.64,S,700
09:33:00,10.61,S,1000
09:33:00,10.64,B,4300
09:33:00,10.61,S,200
09:33:00,10.62,B,500
09:33:00,10.64,B,1000
09:33:00,10.64,B,200
09:33:00,10.64,B,300
09:33:01,10.64,B,1800
09:33:01,10.62,S,300
09:33:01,10.61,S,5700
09:33:01,10.64,B,300
09:33:01,10.64,B,3100
09:33:01,10.64,B,300
09:33:01,10.65,B,1600
09:33:01,10.65,B,1000
09:33:01,10.64,B,100
09:33:01,10.64,B,300
09:33:01,10.64,B,500
09:33:01,10.65,B,500
09:33:01,10.65,B,3000
09:33:02,10.65,B,1000
09:33:02,10.65,B,1000
09:33:02,10.64,S,1000
09:33:02,10.61,S,2700
09:33:02,10.61,S,4900
09:33:02,10.61,S,500
09:33:02,10.6,S,200
09:33:02,10.6,S,300
09:33:02,10.6,S,500
09:33:02,10.6,S,200
09:33:02,10.6,S,1000
09:33:02,10.6,S,11600
09:33:02,10.6,S,2000
09:33:02,10.6,S,2000
09:33:02,10.6,S,1200
09:33:02,10.6,S,500
09:33:02,10.6,S,1000
09:33:02,10.6,S,500
09:33:02,10.6,S,8400
09:33:03,10.64,B,200
09:33:03,10.64,B,100
09:33:03,10.64,B,600
09:33:03,10.64,B,400
09:33:03,10.64,B,1000
09:33:03,10.65,B,500
09:33:03,10.65,B,1000
09:33:03,10.65,S,900
09:33:03,10.65,S,100
09:33:03,10.64,S,1000
09:33:04,10.64,S,100
09:33:04,10.66,B,23300
09:33:04,10.65,S,300
09:33:04,10.66,B,2500
09:33:05,10.65,S,2100
09:33:05,10.65,S,100
09:33:05,10.64,S,400
09:33:05,10.64,S,200
09:33:05,10.63,S,800
09:33:05,10.61,S,200
09:33:05,10.61,S,300
09:33:05,10.6,S,1600
09:33:05,10.6,S,1000
09:33:05,10.6,S,1100
09:33:05,10.64,B,100
09:33:05,10.6,S,1000
09:33:05,10.62,B,300
09:33:05,10.62,B,500
09:33:05,10.64,B,700
09:33:05,10.64,B,500
09:33:05,10.66,B,3800
09:33:06,10.62,S,800
09:33:06,10.64,B,300
09:33:06,10.64,B,500
09:33:07,10.63,B,200
09:33:07,10.62,S,1200
09:33:07,10.6,S,400
09:33:08,10.63,B,100
09:33:08,10.6,S,2500
09:33:08,10.6,S,100
09:33:08,10.6,S,500
09:33:08,10.6,S,500
09:33:08,10.6,S,2000
09:33:08,10.6,S,300
09:33:10,10.62,B,100
09:33:10,10.6,S,1200
09:33:10,10.6,S,400
09:33:10,10.6,S,500
09:33:10,10.6,S,2000
09:33:10,10.6,S,1100
09:33:10,10.6,S,100
09:33:10,10.6,S,1000
09:33:10,10.6,S,500
09:33:10,10.6,S,1000
09:33:10,10.6,S,3400
09:33:10,10.6,B,1000
09:33:10,10.6,B,900
09:33:10,10.6,B,900
09:33:10,10.6,B,1000
09:33:10,10.6,B,700
09:33:10,10.6,B,500
09:33:10,10.6,B,100
09:33:11,10.6,B,2200
09:33:11,10.6,B,1000
09:33:11,10.6,B,300
09:33:11,10.6,B,200
09:33:11,10.61,B,300
09:33:11,10.62,B,1600
09:33:11,10.62,B,1000
09:33:11,10.62,B,1000
09:33:12,10.63,B,200
09:33:12,10.63,B,200
09:33:12,10.63,B,500
09:33:12,10.63,B,200
09:33:13,10.63,B,200
09:33:13,10.64,B,100
09:33:13,10.64,B,1000
09:33:14,10.63,S,100
09:33:14,10.62,S,200
09:33:14,10.62,S,500
09:33:14,10.62,S,300
09:33:14,10.62,S,300
09:33:14,10.61,S,100
09:33:14,10.61,S,200
09:33:14,10.61,S,1600
09:33:15,10.61,S,2800
09:33:15,10.64,B,300
09:33:15,10.64,B,600
09:33:15,10.61,S,3800
09:33:16,10.61,S,2000
09:33:16,10.63,B,100
09:33:16,10.64,B,900
09:33:16,10.64,B,400
09:33:16,10.64,B,1000
09:33:17,10.62,S,500
09:33:17,10.64,B,100
09:33:17,10.62,S,1500
09:33:17,10.61,S,1500
09:33:18,10.64,B,200
09:33:18,10.62,S,1000
09:33:18,10.62,B,2300
09:33:18,10.64,B,700
09:33:18,10.64,B,1800
09:33:18,10.64,B,200
09:33:18,10.64,B,600
09:33:18,10.64,B,400
09:33:18,10.65,B,1300
09:33:18,10.65,B,700
09:33:19,10.64,B,1000
09:33:19,10.64,B,300
09:33:19,10.65,B,100
09:33:19,10.61,S,600
09:33:20,10.64,B,100
09:33:20,10.64,S,400
09:33:20,10.65,B,1000
09:33:20,10.64,S,500
09:33:21,10.62,B,100
09:33:21,10.64,B,400
09:33:21,10.64,B,400
09:33:21,10.65,B,200
09:33:21,10.65,B,300
09:33:21,10.65,B,1000
09:33:21,10.65,B,100
09:33:21,10.61,S,300
09:33:21,10.63,B,600
09:33:21,10.64,S,3000
09:33:21,10.63,B,1500
09:33:21,10.63,B,500
09:33:21,10.65,B,100
09:33:21,10.65,B,9900
09:33:21,10.61,S,100
09:33:22,10.61,S,100
09:33:22,10.65,B,100
09:33:22,10.65,B,200
09:33:22,10.61,S,1500
09:33:22,10.62,B,3000
09:33:22,10.64,B,2000
09:33:22,10.61,S,300
09:33:23,10.64,B,100
09:33:23,10.64,B,2900
09:33:23,10.65,B,9800
09:33:23,10.65,B,300
09:33:24,10.62,S,100
09:33:24,10.61,S,400
09:33:24,10.61,S,2500
09:33:24,10.61,S,3600
09:33:24,10.61,S,1000
09:33:25,10.61,S,7600
09:33:25,10.61,S,100
09:33:25,10.65,B,300
09:33:25,10.61,S,100
09:33:25,10.61,S,100
09:33:25,10.61,S,1600
09:33:26,10.61,S,200
09:33:26,10.64,B,100
09:33:26,10.64,B,100
09:33:26,10.65,B,500
09:33:26,10.61,S,300
09:33:26,10.63,B,200
09:33:26,10.63,B,300
09:33:26,10.64,B,1000
09:33:26,10.65,B,1200
09:33:26,10.65,B,200
09:33:26,10.65,B,400
09:33:26,10.65,B,300
09:33:26,10.65,B,1000
09:33:26,10.65,B,300
09:33:26,10.65,B,100
09:33:26,10.65,B,200
09:33:26,10.65,B,2000
09:33:26,10.65,S,400
09:33:26,10.65,S,200
09:33:27,10.61,S,1000
09:33:27,10.61,S,100
09:33:27,10.66,B,1000
09:33:27,10.61,S,1000
09:33:28,10.63,B,200
09:33:28,10.64,S,300
09:33:28,10.64,S,200
09:33:28,10.66,B,200
09:33:28,10.64,S,800
09:33:29,10.64,S,4500
09:33:29,10.64,S,12100
09:33:29,10.64,S,100
09:33:29,10.65,B,100
09:33:29,10.65,B,100
09:33:29,10.66,B,4800
09:33:29,10.65,B,100
09:33:29,10.64,S,800
09:33:29,10.62,S,100
09:33:29,10.62,S,100
09:33:30,10.65,B,300
09:33:30,10.65,S,2700
09:33:30,10.62,S,300
09:33:30,10.62,S,200
09:33:30,10.64,B,500
09:33:30,10.62,S,300
09:33:30,10.62,S,100
09:33:30,10.62,S,1000
09:33:30,10.62,S,200
09:33:30,10.62,S,400
09:33:31,10.64,B,500
09:33:31,10.64,B,400
09:33:31,10.62,S,100
09:33:32,10.62,S,1500
09:33:32,10.61,S,25800
09:33:32,10.61,S,10400
09:33:32,10.61,S,100
09:33:32,10.61,S,500
09:33:32,10.61,S,200
09:33:32,10.61,S,200
09:33:32,10.6,S,500
09:33:32,10.6,S,500
09:33:32,10.6,S,2000
09:33:32,10.6,S,500
09:33:32,10.6,S,300
09:33:32,10.6,S,2000
09:33:32,10.6,S,5500
09:33:32,10.63,B,100
09:33:32,10.6,S,1600
09:33:32,10.6,S,100
09:33:32,10.6,S,100
09:33:32,10.6,S,600
09:33:32,10.6,S,200
09:33:32,10.62,B,400
09:33:33,10.62,B,2000
09:33:33,10.6,S,100
09:33:33,10.6,S,500
09:33:33,10.6,S,1400
09:33:33,10.6,S,1000
09:33:33,10.6,S,700
09:33:33,10.6,S,500
09:33:33,10.6,S,5000
09:33:33,10.6,S,1000
09:33:33,10.6,S,100
09:33:33,10.6,S,3700
09:33:33,10.6,S,100
09:33:33,10.6,S,2800
09:33:34,10.62,B,100
09:33:34,10.62,B,2500
09:33:34,10.62,S,100
09:33:35,10.62,S,500
09:33:35,10.62,S,1100
09:33:36,10.62,S,400
09:33:37,10.62,S,300
09:33:37,10.62,S,300
09:33:37,10.62,S,500
09:33:37,10.62,S,200
09:33:37,10.63,B,100
09:33:37,10.64,B,200
09:33:37,10.64,B,400
09:33:37,10.64,B,700
09:33:37,10.62,S,9800
09:33:38,10.62,S,1500
09:33:38,10.64,B,300
09:33:38,10.64,B,200
09:33:38,10.62,S,800
09:33:38,10.64,B,300
09:33:38,10.64,B,100
09:33:38,10.64,B,900
09:33:38,10.62,S,500
09:33:39,10.62,S,200
09:33:39,10.62,S,600
09:33:39,10.62,S,400
09:33:39,10.62,S,200
09:33:39,10.64,B,9100
09:33:39,10.64,B,1800
09:33:39,10.64,S,4000
09:33:39,10.64,B,100
09:33:39,10.64,B,100
09:33:39,10.62,S,700
09:33:39,10.64,B,2000
09:33:39,10.62,S,3700
09:33:39,10.62,S,1000
09:33:39,10.62,S,500
09:33:39,10.62,S,800
09:33:39,10.62,S,500
09:33:39,10.61,S,1400
09:33:39,10.6,S,4600
09:33:40,10.6,S,200
09:33:40,10.61,B,100
09:33:40,10.6,S,100
09:33:41,10.61,B,100
09:33:41,10.61,B,1900
09:33:41,10.61,B,100
09:33:41,10.61,B,900
09:33:41,10.61,B,400
09:33:41,10.62,B,400
09:33:41,10.64,B,1800
09:33:41,10.64,B,1300
09:33:41,10.64,B,1000
09:33:41,10.65,B,300
09:33:41,10.65,B,5000
09:33:41,10.65,B,700
09:33:41,10.65,B,6200
09:33:41,10.62,S,100
09:33:42,10.65,B,1900
09:33:42,10.62,S,500
09:33:42,10.62,S,100
09:33:42,10.62,S,1000
09:33:42,10.64,S,1300
09:33:42,10.64,S,1700
09:33:42,10.62,S,2700
09:33:42,10.62,S,1000
09:33:42,10.62,S,1300
09:33:43,10.6,S,18700
09:33:43,10.6,S,1000
09:33:43,10.6,S,3000
09:33:43,10.6,S,500
09:33:43,10.6,S,1000
09:33:43,10.6,S,3000
09:33:43,10.6,S,100
09:33:43,10.6,S,1100
09:33:43,10.6,S,5000
09:33:43,10.6,S,200
09:33:43,10.6,S,500
09:33:43,10.6,S,2000
09:33:43,10.6,S,500
09:33:43,10.6,S,4700
09:33:43,10.6,S,6900
09:33:43,10.6,S,100
09:33:43,10.6,S,1000
09:33:43,10.6,S,2900
09:33:43,10.61,B,100
09:33:44,10.61,B,1000
09:33:44,10.61,B,200
09:33:44,10.61,B,100
09:33:44,10.61,B,1000
09:33:44,10.61,B,1400
09:33:44,10.61,B,500
09:33:45,10.61,B,400
09:33:45,10.61,B,1000
09:33:45,10.61,B,600
09:33:45,10.61,B,1200
09:33:45,10.61,B,1300
09:33:45,10.61,B,200
09:33:45,10.61,B,600
09:33:45,10.61,B,900
09:33:45,10.61,B,300
09:33:45,10.61,B,1000
09:33:45,10.61,B,300
09:33:45,10.61,B,700
09:33:46,10.61,B,500
09:33:46,10.61,B,300
09:33:46,10.61,B,300
09:33:46,10.61,B,600
09:33:46,10.61,B,100
09:33:46,10.61,B,300
09:33:46,10.61,B,1100
09:33:46,10.61,B,100
09:33:47,10.62,B,500
09:33:47,10.61,S,900
09:33:47,10.61,S,500
09:33:47,10.61,S,800
09:33:47,10.61,S,300
09:33:47,10.62,B,200
09:33:47,10.61,S,500
09:33:48,10.61,S,100
09:33:48,10.62,B,3000
09:33:48,10.61,S,100
09:33:48,10.61,S,300
09:33:49,10.62,B,400
09:33:49,10.62,B,300
09:33:49,10.62,B,900
09:33:49,10.64,B,500
09:33:49,10.61,S,300
09:33:49,10.61,B,700
09:33:49,10.61,S,300
09:33:49,10.61,B,1100
09:33:50,10.61,B,600
09:33:50,10.63,B,500
09:33:50,10.64,B,700
09:33:50,10.64,B,1500
09:33:50,10.64,B,600
09:33:50,10.64,S,400
09:33:50,10.64,S,1600
09:33:50,10.64,S,1000
09:33:50,10.64,S,100
09:33:51,10.64,S,1700
09:33:51,10.64,S,1300
09:33:51,10.61,S,400
09:33:51,10.61,S,1000
09:33:52,10.61,S,100
09:33:52,10.62,B,200
09:33:52,10.61,S,1000
09:33:52,10.61,S,700
09:33:52,10.62,B,100
09:33:52,10.62,S,500
09:33:52,10.62,S,200
09:33:53,10.62,S,200
09:33:53,10.61,S,1800
09:33:53,10.61,S,7900
09:33:53,10.61,S,100
09:33:53,10.62,S,1000
09:33:53,10.61,S,800
09:33:53,10.61,S,600
09:33:53,10.62,B,200
09:33:54,10.61,S,2100
09:33:54,10.61,S,200
09:33:54,10.61,S,1000
09:33:54,10.62,B,800
09:33:54,10.62,B,200
09:33:54,10.62,S,500
09:33:54,10.61,S,2700
09:33:54,10.61,S,3000
09:33:54,10.61,S,100
09:33:54,10.61,S,600
09:33:54,10.61,S,5000
09:33:54,10.6,S,1000
09:33:54,10.6,S,200
09:33:54,10.6,S,7100
09:33:54,10.6,S,100
09:33:54,10.6,S,1000
09:33:54,10.6,S,2000
09:33:54,10.6,S,2000
09:33:54,10.6,S,1000
09:33:54,10.6,S,500
09:33:54,10.6,S,200
09:33:54,10.6,S,100
09:33:54,10.59,S,100
09:33:54,10.59,S,500
09:33:54,10.59,S,500
09:33:54,10.59,S,200
09:33:54,10.59,S,500
09:33:54,10.59,S,1500
09:33:54,10.59,S,1000
09:33:54,10.59,S,300
09:33:54,10.59,S,1000
09:33:54,10.59,S,2000
09:33:54,10.59,S,2000
09:33:54,10.59,S,77200
09:33:55,10.6,B,600
09:33:55,10.6,B,400
09:33:55,10.6,B,4600
09:33:55,10.62,B,200
09:33:55,10.62,B,1400
09:33:55,10.61,B,500
09:33:56,10.59,S,22800
09:33:56,10.59,S,100
09:33:56,10.59,S,500
09:33:56,10.58,S,5800
09:33:56,10.58,S,100
09:33:56,10.58,S,500
09:33:56,10.58,S,300
09:33:56,10.58,S,3000
09:33:56,10.58,S,2800
09:33:56,10.58,S,3000
09:33:56,10.58,S,200
09:33:56,10.58,S,2000
09:33:56,10.58,S,1000
09:33:56,10.58,S,1000
09:33:56,10.58,S,6500
09:33:56,10.58,B,1000
09:33:57,10.57,S,200
09:33:57,10.58,B,300
09:33:58,10.58,B,3000
09:33:58,10.58,B,4400
09:33:58,10.58,B,2000
09:33:59,10.57,S,300
09:33:59,10.57,S,5000
09:33:59,10.57,S,1700
09:33:59,10.57,S,300
09:33:59,10.57,S,1000
09:33:59,10.57,S,1700
09:33:59,10.58,B,17100
09:33:59,10.58,B,1000
09:34:00,10.58,B,300
09:34:00,10.58,B,2000
09:34:00,10.58,B,200
09:34:00,10.58,B,500
09:34:01,10.58,B,1000
09:34:01,10.58,B,100
09:34:01,10.58,B,4000
09:34:01,10.58,B,15000
09:34:01,10.58,B,2000
09:34:01,10.58,B,4700
09:34:02,10.58,B,2000
09:34:02,10.57,S,100
09:34:03,10.58,B,10000
09:34:03,10.58,B,500
09:34:03,10.58,B,1000
09:34:03,10.58,B,1200
09:34:03,10.58,B,200
09:34:04,10.58,B,600
09:34:04,10.57,S,200
09:34:04,10.57,S,100
09:34:04,10.57,S,500
09:34:04,10.57,S,1300
09:34:04,10.57,S,3000
09:34:05,10.58,B,1000
09:34:05,10.58,B,2000
09:34:05,10.58,B,500
09:34:05,10.58,B,500
09:34:06,10.58,B,1000
09:34:06,10.58,B,400
09:34:07,10.58,B,5000
09:34:07,10.57,S,3000
09:34:07,10.57,S,1000
09:34:07,10.58,B,800
09:34:08,10.58,B,300
09:34:08,10.58,B,10000
09:34:08,10.58,B,5000
09:34:08,10.58,B,1000
09:34:08,10.58,B,100
09:34:08,10.58,B,300
09:34:08,10.58,B,200
09:34:08,10.58,B,200
09:34:09,10.57,S,700
09:34:09,10.57,S,1000
09:34:09,10.57,S,200
09:34:09,10.57,S,400
09:34:09,10.57,S,600
09:34:09,10.58,B,400
09:34:09,10.58,B,1000
09:34:09,10.58,B,100
09:34:09,10.58,B,6500
09:34:09,10.59,B,200
09:34:10,10.59,B,100
09:34:10,10.59,B,300
09:34:10,10.59,B,100
09:34:10,10.58,S,200
09:34:11,10.59,B,2000
09:34:11,10.58,S,1500
09:34:11,10.58,S,500
09:34:11,10.58,S,1000
09:34:12,10.58,S,300
09:34:13,10.59,B,6500
09:34:14,10.59,B,600
09:34:14,10.59,B,800
09:34:15,10.58,S,2000
09:34:15,10.58,S,200
09:34:15,10.58,S,7800
09:34:15,10.58,S,7700
09:34:15,10.59,B,500
09:34:16,10.58,S,1300
09:34:16,10.59,B,2000
09:34:16,10.59,B,500
09:34:16,10.58,S,500
09:34:16,10.59,B,1000
09:34:17,10.59,B,1000
09:34:17,10.59,B,400
09:34:17,10.59,B,500
09:34:17,10.58,S,500
09:34:18,10.57,S,500
09:34:18,10.58,S,4100
09:34:18,10.58,S,200
09:34:18,10.58,S,500
09:34:18,10.58,S,100
09:34:19,10.58,S,800
09:34:19,10.58,S,100
09:34:20,10.57,S,500
09:34:20,10.57,S,1800
09:34:20,10.58,B,500
09:34:20,10.58,B,500
09:34:21,10.58,S,100
09:34:21,10.58,S,2900
09:34:21,10.58,S,500
09:34:21,10.57,S,2600
09:34:21,10.59,B,300
09:34:21,10.59,B,500
09:34:22,10.57,S,800
09:34:22,10.57,S,200
09:34:22,10.58,B,2000
09:34:22,10.57,S,500
09:34:22,10.57,S,100
09:34:22,10.57,S,1300
09:34:22,10.57,S,200
09:34:22,10.57,S,100
09:34:22,10.57,S,300
09:34:22,10.57,S,380
09:34:23,10.57,S,1320
09:34:23,10.57,S,1000
09:34:23,10.57,S,3000
09:34:23,10.57,S,100
09:34:23,10.57,S,580
09:34:23,10.57,S,20
09:34:23,10.57,S,1980
09:34:23,10.57,S,20
09:34:23,10.57,S,2000
09:34:23,10.57,S,200
09:34:23,10.57,S,500
09:34:23,10.57,S,180
09:34:24,10.58,B,2000
09:34:24,10.57,S,200
09:34:24,10.57,S,100
09:34:24,10.57,S,520
09:34:24,10.56,S,100
09:34:24,10.56,S,500
09:34:24,10.56,S,500
09:34:24,10.56,S,2700
09:34:24,10.56,S,300
09:34:24,10.56,S,100
09:34:24,10.56,S,1000
09:34:24,10.56,S,280
09:34:24,10.58,B,300
09:34:24,10.56,S,220
09:34:24,10.56,S,1000
09:34:24,10.56,S,500
09:34:24,10.56,S,100
09:34:24,10.56,S,500
09:34:24,10.56,S,1000
09:34:24,10.56,S,500
09:34:24,10.56,S,4000
09:34:24,10.56,S,100
09:34:24,10.56,S,200
09:34:24,10.56,S,200
09:34:24,10.56,S,100
09:34:24,10.56,S,500
09:34:24,10.56,S,700
09:34:24,10.55,S,200
09:34:24,10.55,S,1000
09:34:24,10.55,S,1000
09:34:24,10.55,S,3400
09:34:24,10.55,S,2000
09:34:24,10.55,S,2000
09:34:24,10.55,S,1200
09:34:24,10.55,S,1000
09:34:24,10.55,S,200
09:34:24,10.55,S,500
09:34:24,10.55,S,900
09:34:24,10.55,S,500
09:34:24,10.55,S,1000
09:34:24,10.55,S,200
09:34:24,10.55,S,100
09:34:24,10.55,S,1000
09:34:24,10.55,S,2300
09:34:24,10.55,S,8880
09:34:25,10.57,B,600
09:34:25,10.57,B,200
09:34:25,10.57,B,3500
09:34:25,10.58,B,200
09:34:26,10.58,B,100
09:34:26,10.57,S,300
09:34:26,10.55,S,1120
09:34:26,10.55,S,1600
09:34:26,10.55,S,480
09:34:26,10.58,B,100
09:34:26,10.55,S,1520
09:34:26,10.55,S,500
09:34:26,10.54,S,1000
09:34:26,10.54,S,200
09:34:26,10.54,S,280
09:34:26,10.56,B,500
09:34:26,10.56,B,1500
09:34:26,10.58,B,2700
09:34:26,10.58,B,500
09:34:26,10.58,B,500
09:34:26,10.58,B,1900
09:34:26,10.58,B,400
09:34:26,10.58,B,2200
09:34:26,10.58,B,10000
09:34:26,10.55,S,1000
09:34:26,10.54,S,220
09:34:26,10.54,S,500
09:34:26,10.54,S,500
09:34:26,10.54,S,2080
09:34:26,10.59,B,500
09:34:27,10.58,B,100
09:34:27,10.58,B,300
09:34:27,10.57,S,2000
09:34:28,10.58,B,100
09:34:28,10.58,B,100
09:34:28,10.58,B,3200
09:34:28,10.58,B,2000
09:34:28,10.58,B,200
09:34:28,10.58,B,4400
09:34:28,10.58,B,3400
09:34:28,10.58,B,600
09:34:28,10.58,B,500
09:34:28,10.59,B,1500
09:34:29,10.58,B,2000
09:34:29,10.58,B,1000
09:34:29,10.58,B,3000
09:34:29,10.58,B,500
09:34:29,10.57,S,200
09:34:29,10.57,S,100
09:34:29,10.58,B,3500
09:34:29,10.58,B,1000
09:34:29,10.58,B,100
09:34:29,10.58,B,300
09:34:29,10.59,B,84200
09:34:29,10.59,B,4000
09:34:29,10.59,B,500
09:34:29,10.59,B,1200
09:34:29,10.59,B,500
09:34:29,10.59,S,5000
09:34:29,10.59,S,3000
09:34:30,10.59,S,600
09:34:30,10.59,S,10000
09:34:30,10.59,S,13400
09:34:30,10.6,B,100
09:34:30,10.6,B,400
09:34:30,10.59,S,100
09:34:31,10.59,S,700
09:34:31,10.59,S,200
09:34:31,10.59,S,1000
09:34:31,10.59,S,800
09:34:31,10.59,S,3200
09:34:31,10.6,B,1200
09:34:31,10.6,B,8800
09:34:31,10.59,S,8900
09:34:32,10.6,B,100
09:34:32,10.59,S,800
09:34:33,10.59,S,1000
09:34:33,10.59,S,6900
09:34:33,10.59,S,2000
09:34:33,10.59,S,3000
09:34:33,10.59,S,25500
09:34:33,10.59,S,600
09:34:33,10.59,S,500
09:34:33,10.59,S,1000
09:34:33,10.6,B,300
09:34:34,10.59,S,3600
09:34:34,10.59,S,1300
09:34:34,10.59,S,1200
09:34:35,10.59,S,20000
09:34:35,10.59,S,100
09:34:35,10.59,S,100
09:34:36,10.59,S,2000
09:34:36,10.59,S,1300
09:34:36,10.59,S,800
09:34:36,10.59,S,100
09:34:36,10.59,S,13500
09:34:36,10.6,B,800
09:34:36,10.6,B,1000
09:34:36,10.6,B,1200
09:34:36,10.59,S,100
09:34:36,10.59,S,200
09:34:36,10.6,B,100
09:34:37,10.59,S,5000
09:34:37,10.59,S,700
09:34:37,10.59,S,400
09:34:37,10.59,S,1000
09:34:38,10.6,B,5000
09:34:38,10.59,S,1600
09:34:38,10.59,S,100
09:34:38,10.59,S,100
09:34:38,10.59,S,700
09:34:38,10.6,B,1000
09:34:38,10.59,S,300
09:34:38,10.59,S,4600
09:34:39,10.59,S,1700
09:34:39,10.59,S,11000
09:34:39,10.59,S,2100
09:34:39,10.59,S,600
09:34:39,10.59,S,100
09:34:39,10.59,S,500
09:34:39,10.6,B,200
09:34:40,10.59,S,500
09:34:40,10.59,S,500
09:34:40,10.59,S,1000
09:34:40,10.59,S,1200
09:34:40,10.59,S,1000
09:34:40,10.59,S,500
09:34:40,10.59,S,100
09:34:41,10.59,S,1000
09:34:41,10.59,S,700
09:34:41,10.59,S,300
09:34:41,10.59,S,800
09:34:41,10.59,S,100
09:34:41,10.59,S,1300
09:34:42,10.59,S,100
09:34:42,10.6,B,100
09:34:42,10.59,S,900
09:34:43,10.59,S,600
09:34:43,10.6,B,1500
09:34:43,10.59,S,2700
09:34:44,10.59,S,5900
09:34:44,10.59,S,5000
09:34:44,10.59,S,400
09:34:44,10.59,S,1000
09:34:44,10.6,B,8500
09:34:44,10.6,B,300
09:34:44,10.6,B,1200
09:34:44,10.59,S,700
09:34:44,10.59,S,400
09:34:45,10.59,S,2100
09:34:45,10.59,S,6000
09:34:45,10.6,B,800
09:34:45,10.6,B,1400
09:34:45,10.6,B,400
09:34:45,10.6,B,200
09:34:45,10.6,B,500
09:34:45,10.6,B,3100
09:34:45,10.6,B,200
09:34:45,10.6,B,2000
09:34:45,10.6,B,800
09:34:45,10.6,B,20000
09:34:45,10.6,B,100
09:34:45,10.6,B,200
09:34:45,10.6,B,10000
09:34:45,10.6,B,1000
09:34:45,10.61,B,1600
09:34:45,10.61,B,1000
09:34:45,10.61,B,500
09:34:45,10.61,B,2000
09:34:45,10.61,B,22500
09:34:45,10.61,B,500
09:34:45,10.61,B,200
09:34:45,10.61,B,800
09:34:45,10.61,B,1000
09:34:45,10.61,B,500
09:34:45,10.61,B,600
09:34:45,10.61,B,300
09:34:45,10.61,B,100
09:34:45,10.61,B,300
09:34:45,10.61,B,4000
09:34:45,10.61,B,100
09:34:45,10.61,B,1000
09:34:45,10.61,B,300
09:34:45,10.61,B,10000
09:34:45,10.61,B,500
09:34:45,10.61,B,100
09:34:45,10.61,B,2000
09:34:45,10.61,B,500
09:34:45,10.61,B,1300
09:34:45,10.61,B,400
09:34:45,10.62,B,100
09:34:45,10.62,B,9500
09:34:45,10.62,B,100
09:34:45,10.62,B,500
09:34:45,10.62,B,100
09:34:45,10.62,B,700
09:34:45,10.62,B,600
09:34:45,10.62,B,7400
09:34:45,10.62,B,200
09:34:45,10.62,B,800
09:34:45,10.62,B,100
09:34:45,10.62,B,1000
09:34:45,10.62,B,3600
09:34:45,10.62,B,100
09:34:45,10.63,B,23400
09:34:45,10.63,B,1000
09:34:45,10.63,B,100
09:34:45,10.63,B,1000
09:34:45,10.63,S,2500
09:34:46,10.63,S,300
09:34:46,10.63,S,800
09:34:46,10.63,S,100
09:34:46,10.63,S,500
09:34:46,10.63,S,100
09:34:47,10.63,S,1000
09:34:47,10.63,S,1300
09:34:47,10.63,S,900
09:34:47,10.63,S,1900
09:34:48,10.63,S,3100
09:34:48,10.63,S,900
09:34:48,10.63,S,500
09:34:48,10.63,S,200
09:34:48,10.63,S,3000
09:34:48,10.63,S,500
09:34:48,10.63,S,1200
09:34:49,10.63,S,2000
09:34:49,10.63,S,700
09:34:49,10.63,S,1100
09:34:49,10.63,S,100
09:34:50,10.63,S,300
09:34:52,10.63,S,400
09:34:52,10.63,S,500
09:34:52,10.63,S,20000
09:34:52,10.63,S,600
09:34:52,10.63,S,200
09:34:52,10.63,S,500
09:34:52,10.63,S,500
09:34:52,10.63,S,200
09:34:52,10.63,S,250000
09:34:52,10.63,S,1000
09:34:53,10.63,S,1800
09:34:53,10.63,S,300
09:34:54,10.63,S,200
09:34:54,10.63,S,1000
09:34:54,10.64,B,700
09:34:54,10.64,B,400
09:34:54,10.64,B,300
09:34:54,10.64,B,900
09:34:54,10.65,B,2700
09:34:55,10.63,S,100
09:34:55,10.63,S,4800
09:34:55,10.63,S,3800
09:34:56,10.63,S,300
09:34:56,10.63,S,100
09:34:57,10.63,S,400
09:34:57,10.63,S,600
09:34:58,10.65,B,1000
09:34:58,10.64,S,100
09:34:58,10.64,S,200
09:34:58,10.63,S,600
09:34:58,10.63,S,1500
09:34:59,10.63,S,300
09:34:59,10.63,S,2500
09:34:59,10.65,B,1000
09:34:59,10.63,S,100
09:34:59,10.64,S,100
09:34:59,10.63,S,900
09:35:02,10.64,S,500
09:35:02,10.64,S,200
09:35:02,10.64,S,1500
09:35:02,10.64,S,100
09:35:02,10.64,S,200
09:35:02,10.64,S,500
09:35:02,10.65,B,100
09:35:02,10.64,S,1000
09:35:03,10.64,S,200
09:35:03,10.64,S,600
09:35:03,10.64,S,900
09:35:03,10.64,S,1000
09:35:03,10.64,S,2000
09:35:04,10.64,S,200
09:35:04,10.64,S,500
09:35:04,10.64,S,100
09:35:05,10.64,S,1100
09:35:06,10.64,S,100
09:35:07,10.65,B,100
09:35:07,10.64,S,600
09:35:07,10.64,S,1000
09:35:08,10.64,S,6400
09:35:08,10.64,S,700
09:35:08,10.64,S,2800
09:35:08,10.64,S,3000
09:35:08,10.64,S,1600
09:35:08,10.64,S,100
09:35:08,10.64,S,5000
09:35:08,10.64,S,1000
09:35:08,10.64,S,400
09:35:08,10.64,S,500
09:35:08,10.64,S,1000
09:35:08,10.63,S,61500
09:35:08,10.63,S,2200
09:35:08,10.63,S,100
09:35:08,10.63,S,200
09:35:08,10.63,S,400
09:35:08,10.63,S,17000
09:35:08,10.63,S,800
09:35:09,10.63,S,1000
09:35:09,10.64,S,600
09:35:10,10.64,S,200
09:35:10,10.64,S,3700
09:35:10,10.64,S,500
09:35:10,10.65,B,187000
09:35:10,10.65,B,400
09:35:10,10.65,B,12600
09:35:10,10.64,S,100
09:35:10,10.64,S,2700
09:35:10,10.64,S,200
09:35:11,10.64,S,400
09:35:11,10.64,S,500
09:35:11,10.65,B,200
09:35:11,10.65,B,10000
09:35:11,10.64,S,200
09:35:11,10.64,S,1200
09:35:11,10.65,B,500
09:35:12,10.64,S,4500
09:35:12,10.64,S,100
09:35:12,10.63,S,6300
09:35:12,10.63,S,2000
09:35:12,10.63,S,1500
09:35:12,10.63,S,2000
09:35:12,10.63,S,5300
09:35:12,10.65,B,200
09:35:13,10.63,S,500
09:35:14,10.64,B,400
09:35:14,10.64,S,100
09:35:14,10.63,S,100
09:35:14,10.65,B,1000
09:35:14,10.65,B,500
09:35:14,10.64,S,300
09:35:14,10.64,S,2100
09:35:15,10.64,S,2000
09:35:15,10.65,B,300
09:35:15,10.65,B,6700
09:35:15,10.65,B,500
09:35:15,10.65,B,3300
09:35:15,10.65,B,2800
09:35:15,10.65,B,300
09:35:15,10.65,B,1600
09:35:15,10.65,B,200
09:35:15,10.65,B,1000
09:35:15,10.65,B,500
09:35:15,10.65,B,100
09:35:15,10.65,B,300
09:35:15,10.65,B,700
09:35:15,10.65,B,300
09:35:15,10.65,B,1000
09:35:15,10.65,B,2400
09:35:15,10.65,B,400
09:35:15,10.65,B,600
09:35:15,10.65,B,4000
09:35:15,10.65,B,100
09:35:15,10.65,B,200
09:35:15,10.66,B,700
09:35:15,10.66,B,600
09:35:15,10.66,B,100
09:35:15,10.66,B,3800
09:35:15,10.66,B,200
09:35:15,10.66,B,4400
09:35:15,10.66,B,300
09:35:15,10.66,B,100
09:35:15,10.66,B,2000
09:35:15,10.66,B,100
09:35:15,10.66,B,200
09:35:15,10.66,B,3000
09:35:15,10.66,B,500
09:35:15,10.67,B,51010
09:35:15,10.67,B,800
09:35:15,10.67,B,3000
09:35:15,10.67,B,200
09:35:15,10.67,B,1990
09:35:15,10.64,S,500
09:35:15,10.65,S,1200
09:35:15,10.65,S,100
09:35:15,10.65,S,600
09:35:17,10.65,S,1000
09:35:17,10.67,B,700
09:35:17,10.65,S,1500
09:35:18,10.65,S,100
09:35:18,10.65,S,100
09:35:19,10.65,S,3900
09:35:19,10.65,S,500
09:35:19,10.65,S,200
09:35:20,10.65,S,400
09:35:21,10.66,S,300
09:35:21,10.65,S,9300
09:35:23,10.65,S,300
09:35:23,10.65,S,1200
09:35:24,10.65,S,200
09:35:24,10.67,B,500
09:35:24,10.65,S,1500
09:35:24,10.65,S,2400
09:35:25,10.65,S,1000
09:35:25,10.65,S,400
09:35:25,10.65,S,600
09:35:26,10.65,S,100
09:35:26,10.65,S,500
09:35:26,10.65,S,400
09:35:26,10.65,S,300
09:35:26,10.66,S,2000
09:35:26,10.66,S,100
09:35:26,10.66,S,1000
09:35:27,10.66,S,400
09:35:27,10.66,S,300
09:35:28,10.67,B,410
09:35:28,10.67,B,1090
09:35:28,10.67,B,600
09:35:28,10.66,S,1900
09:35:28,10.66,S,100
09:35:28,10.66,S,500
09:35:28,10.66,S,1000
09:35:28,10.66,S,2300
09:35:28,10.65,S,700
09:35:29,10.65,S,100
09:35:29,10.65,S,500
09:35:29,10.67,B,510
09:35:29,10.67,B,900
09:35:29,10.67,B,500
09:35:29,10.67,B,200
09:35:29,10.67,B,300
09:35:29,10.67,B,300
09:35:29,10.67,B,2300
09:35:29,10.67,B,400
09:35:29,10.67,B,100
09:35:29,10.67,B,4490
09:35:29,10.65,S,5000
09:35:29,10.67,B,6510
09:35:29,10.67,B,100
09:35:29,10.67,B,1000
09:35:29,10.67,B,100
09:35:29,10.67,B,500
09:35:30,10.67,S,100
09:35:30,10.67,S,18000
09:35:30,10.67,S,2000
09:35:30,10.68,B,400
09:35:30,10.68,B,1000
09:35:30,10.68,B,200
09:35:30,10.67,S,2300
09:35:31,10.67,S,400
09:35:31,10.68,B,100
09:35:31,10.68,B,800
09:35:31,10.68,B,100
09:35:31,10.68,B,100
09:35:31,10.68,B,300
09:35:31,10.68,B,1000
09:35:31,10.68,B,500
09:35:31,10.68,B,3000
09:35:31,10.68,B,200
09:35:31,10.68,B,200
09:35:32,10.68,S,5800
09:35:32,10.68,S,200
09:35:33,10.68,S,200
09:35:34,10.68,S,500
09:35:34,10.68,S,200
09:35:34,10.68,S,100
09:35:35,10.68,S,100
09:35:35,10.68,S,2200
09:35:35,10.68,S,700
09:35:36,10.68,S,1000
09:35:36,10.68,S,500
09:35:36,10.69,B,200
09:35:36,10.69,B,500
09:35:36,10.69,B,300
09:35:36,10.68,S,1000
09:35:36,10.67,S,2000
09:35:36,10.67,S,400
09:35:37,10.67,S,100
09:35:37,10.67,S,3300
09:35:37,10.67,S,10500
09:35:37,10.67,S,1000
09:35:37,10.67,S,400
09:35:37,10.69,B,1800
09:35:37,10.69,B,200
09:35:37,10.69,B,100
09:35:37,10.69,B,200
09:35:37,10.69,B,100
09:35:37,10.69,B,100
09:35:37,10.69,B,100
09:35:37,10.69,B,500
09:35:37,10.69,B,400
09:35:37,10.69,B,300
09:35:37,10.69,B,200
09:35:37,10.69,B,500
09:35:37,10.69,B,400
09:35:37,10.69,B,6100
09:35:37,10.69,B,400
09:35:37,10.69,B,200
09:35:37,10.69,B,100
09:35:37,10.69,B,100
09:35:37,10.69,B,100
09:35:37,10.69,B,300
09:35:37,10.69,B,1300
09:35:37,10.69,B,100
09:35:37,10.69,B,600
09:35:37,10.69,B,200
09:35:37,10.69,B,2000
09:35:37,10.69,B,3000
09:35:37,10.67,S,1000
09:35:39,10.68,S,1000
09:35:40,10.69,B,200
09:35:40,10.69,B,500
09:35:40,10.69,S,100
09:35:40,10.69,S,1000
09:35:40,10.69,S,1000
09:35:40,10.69,S,1000
09:35:41,10.7,B,1000
09:35:41,10.69,S,200
09:35:41,10.69,S,2600
09:35:41,10.69,S,400
09:35:42,10.7,B,500
09:35:42,10.69,S,3000
09:35:42,10.68,S,1500
09:35:42,10.67,S,290
09:35:42,10.67,S,500
09:35:42,10.67,S,100
09:35:42,10.67,S,500
09:35:42,10.67,S,600
09:35:42,10.67,S,500
09:35:42,10.67,S,1000
09:35:42,10.67,S,2010
09:35:42,10.67,S,990
09:35:42,10.67,S,3000
09:35:42,10.67,S,200
09:35:42,10.67,S,1000
09:35:42,10.67,S,800
09:35:42,10.67,S,4200
09:35:42,10.67,S,200
09:35:42,10.67,S,1000
09:35:42,10.67,S,2000
09:35:42,10.67,S,1000
09:35:42,10.67,S,3000
09:35:42,10.67,S,2000
09:35:42,10.67,S,40000
09:35:42,10.67,S,500
09:35:42,10.67,S,200
09:35:42,10.66,S,2200
09:35:42,10.66,S,600
09:35:42,10.66,S,100000
09:35:42,10.66,S,13310
09:35:42,10.68,S,800
09:35:42,10.68,S,500
09:35:42,10.67,B,100
09:35:43,10.67,B,500
09:35:43,10.67,S,500
09:35:43,10.67,S,300
09:35:43,10.66,S,200
09:35:43,10.68,S,700
09:35:43,10.66,S,6200
09:35:45,10.69,B,400
09:35:45,10.68,S,500
09:35:45,10.68,S,300
09:35:45,10.69,B,600
09:35:45,10.69,B,900
09:35:46,10.69,S,300
09:35:47,10.69,S,100
09:35:47,10.7,B,500
09:35:47,10.7,B,1000
09:35:47,10.7,B,100
09:35:47,10.7,B,100
09:35:47,10.7,B,100
09:35:47,10.69,S,1000
09:35:48,10.69,S,200
09:35:48,10.7,B,200
09:35:48,10.7,B,500
09:35:48,10.7,B,1000
09:35:48,10.7,B,100
09:35:48,10.7,B,200
09:35:48,10.7,B,500
09:35:48,10.7,B,400
09:35:48,10.7,B,1000
09:35:48,10.7,B,2000
09:35:48,10.7,B,1000
09:35:48,10.7,B,100
09:35:48,10.7,B,400
09:35:48,10.7,B,2000
09:35:48,10.7,B,500
09:35:48,10.7,B,300
09:35:48,10.71,B,1000
09:35:48,10.71,B,1000
09:35:48,10.71,B,900
09:35:48,10.71,B,500
09:35:48,10.71,B,300
09:35:48,10.71,S,500
09:35:49,10.71,S,1600
09:35:49,10.71,S,500
09:35:49,10.71,S,2800
09:35:49,10.71,S,1200
09:35:50,10.71,S,100
09:35:51,10.71,S,1600
09:35:52,10.71,S,22100
09:35:52,10.71,S,1700
09:35:52,10.71,S,2000
09:35:53,10.72,B,100
09:35:53,10.71,S,100
09:35:53,10.71,S,500
09:35:54,10.73,B,1000
09:35:54,10.71,S,100
09:35:54,10.71,S,600
09:35:55,10.71,S,100
09:35:56,10.71,S,100
09:35:56,10.71,S,300
09:35:56,10.73,B,600
09:35:57,10.71,S,1200
09:35:57,10.72,S,300
09:35:58,10.72,S,100
09:35:59,10.72,S,200
09:35:59,10.72,S,4100
09:35:59,10.72,S,100
09:36:00,10.73,B,1000
09:36:01,10.73,B,1500
09:36:01,10.73,B,1000
09:36:01,10.72,S,1200
09:36:01,10.72,S,700
09:36:02,10.72,S,800
09:36:02,10.72,S,300
09:36:02,10.73,B,1000
09:36:03,10.72,S,300
09:36:04,10.73,B,1000
09:36:04,10.73,B,2800
09:36:04,10.73,B,1800
09:36:05,10.73,B,1200
09:36:05,10.72,S,400
09:36:05,10.73,B,1000
09:36:05,10.74,B,2800
09:36:06,10.72,S,900
09:36:06,10.72,S,10400
09:36:06,10.72,S,2000
09:36:06,10.72,S,200
09:36:07,10.72,S,3500
09:36:07,10.71,S,600
09:36:07,10.72,B,3700
09:36:07,10.72,B,1300
09:36:07,10.72,S,1100
09:36:08,10.73,S,100
09:36:09,10.74,B,500
09:36:09,10.73,S,100
09:36:09,10.72,S,400
09:36:11,10.74,B,14500
09:36:11,10.74,B,300
09:36:11,10.73,S,100
09:36:12,10.73,S,500
09:36:12,10.74,B,13800
09:36:12,10.74,B,32600
09:36:12,10.74,B,600
09:36:12,10.74,B,100
09:36:12,10.74,B,1000
09:36:12,10.74,S,700
09:36:12,10.75,B,1700
09:36:12,10.75,B,200
09:36:13,10.75,B,300
09:36:13,10.75,B,2500
09:36:13,10.75,B,100
09:36:13,10.75,B,1000
09:36:13,10.75,B,500
09:36:13,10.75,B,1800
09:36:13,10.75,B,500
09:36:13,10.75,B,300
09:36:13,10.75,B,200
09:36:13,10.76,B,500
09:36:13,10.76,B,1500
09:36:13,10.78,B,2000
09:36:13,10.78,B,1000
09:36:13,10.78,B,300
09:36:13,10.78,B,800
09:36:13,10.78,B,3000
09:36:13,10.79,B,500
09:36:14,10.79,S,100
09:36:16,10.79,S,8500
09:36:16,10.79,S,800
09:36:16,10.8,B,500
09:36:16,10.8,B,100
09:36:16,10.8,B,300
09:36:17,10.79,S,300
09:36:20,10.8,B,1000
09:36:20,10.79,S,500
09:36:22,10.79,S,1000
09:36:23,10.79,S,1000
09:36:23,10.8,B,100
09:36:24,10.8,B,600
09:36:24,10.8,B,100
09:36:24,10.8,B,600
09:36:24,10.8,B,400
09:36:24,10.8,B,200
09:36:24,10.8,B,100
09:36:24,10.8,B,100
09:36:24,10.8,B,500
09:36:24,10.8,B,100
09:36:24,10.8,B,800
09:36:25,10.79,S,100
09:36:26,10.8,B,200
09:36:27,10.8,B,100
09:36:27,10.8,B,700
09:36:28,10.79,S,2100
09:36:28,10.8,B,1400
09:36:28,10.8,B,200
09:36:28,10.8,B,1500
09:36:28,10.8,B,300
09:36:28,10.8,B,1000
09:36:28,10.8,B,200
09:36:28,10.8,B,2700
09:36:28,10.8,B,800
09:36:28,10.8,B,700
09:36:29,10.79,S,500
09:36:29,10.79,S,4000
09:36:29,10.79,S,100
09:36:30,10.8,B,1500
09:36:30,10.8,B,300
09:36:30,10.8,B,800
09:36:30,10.81,B,100
09:36:31,10.8,B,500
09:36:31,10.81,B,100
09:36:31,10.81,B,500
09:36:31,10.81,B,200
09:36:31,10.81,B,4600
09:36:31,10.82,B,100
09:36:31,10.82,B,100
09:36:31,10.82,B,300
09:36:31,10.82,B,500
09:36:31,10.82,B,11000
09:36:31,10.83,B,100
09:36:31,10.83,B,1700
09:36:31,10.83,B,1000
09:36:32,10.82,S,3000
09:36:32,10.82,S,2100
09:36:34,10.82,S,1800
09:36:34,10.83,B,800
09:36:35,10.82,S,100
09:36:35,10.83,B,4000
09:36:35,10.82,S,15600
09:36:35,10.82,S,100
09:36:35,10.8,S,100
09:36:35,10.8,S,500
09:36:35,10.8,S,700
09:36:35,10.8,S,500
09:36:35,10.8,S,5000
09:36:35,10.8,S,500
09:36:35,10.8,S,3000
09:36:35,10.8,S,3900
09:36:35,10.8,S,200
09:36:36,10.83,B,3300
09:36:36,10.83,B,3700
09:36:36,10.83,B,1200
09:36:36,10.83,B,1800
09:36:36,10.83,B,1600
09:36:36,10.84,B,300
09:36:36,10.84,B,200
09:36:36,10.84,B,100
09:36:36,10.85,B,400
09:36:36,10.85,B,100
09:36:36,10.85,B,1000
09:36:36,10.85,B,1000
09:36:36,10.85,B,200
09:36:38,10.85,B,800
09:36:38,10.86,B,1700
09:36:38,10.86,B,400
09:36:41,10.86,B,500
09:36:41,10.86,B,200
09:36:41,10.86,B,100
09:36:41,10.86,B,100
09:36:41,10.86,B,1000
09:36:41,10.86,B,100
09:36:41,10.85,S,5000
09:36:41,10.85,S,1000
09:36:41,10.86,B,800
09:36:42,10.85,S,2200
09:36:42,10.84,S,700
09:36:42,10.83,S,500
09:36:43,10.86,B,100
09:36:43,10.87,B,100
09:36:43,10.88,B,200
09:36:43,10.88,B,1500
09:36:43,10.88,B,3000
09:36:43,10.88,B,2000
09:36:43,10.88,B,500
09:36:43,10.88,B,100
09:36:43,10.88,B,100
09:36:43,10.88,B,1200
09:36:43,10.88,B,400
09:36:43,10.88,B,1700
09:36:44,10.87,S,500
09:36:44,10.83,S,1100
09:36:44,10.83,S,800
09:36:44,10.82,S,3200
09:36:44,10.82,S,1800
09:36:44,10.82,S,1500
09:36:44,10.81,S,1000
09:36:44,10.81,S,1000
09:36:44,10.81,S,1000
09:36:44,10.81,S,300
09:36:44,10.8,S,1900
09:36:44,10.8,S,3800
09:36:44,10.8,S,2100
09:36:44,10.8,S,1000
09:36:44,10.85,S,300
09:36:44,10.81,B,1700
09:36:44,10.84,S,200
09:36:44,10.81,S,1300
09:36:44,10.81,S,700
09:36:44,10.87,B,400
09:36:44,10.88,B,4700
09:36:45,10.81,S,14700
09:36:45,10.81,S,1000
09:36:45,10.8,S,11900
09:36:45,10.8,S,900
09:36:45,10.8,S,1000
09:36:45,10.8,S,700
09:36:45,10.8,S,300
09:36:45,10.8,S,1000
09:36:45,10.8,S,100
09:36:45,10.8,S,10200
09:36:45,10.8,S,17500
09:36:45,10.8,S,500
09:36:45,10.8,S,12000
09:36:45,10.8,S,200
09:36:45,10.8,S,10000
09:36:45,10.8,S,500
09:36:45,10.8,S,100
09:36:45,10.8,S,5000
09:36:45,10.8,S,1000
09:36:45,10.8,S,800
09:36:45,10.8,S,500
09:36:45,10.8,S,1300
09:36:45,10.8,S,1000
09:36:45,10.8,S,3000
09:36:45,10.8,S,100
09:36:45,10.8,S,100
09:36:45,10.8,S,400
09:36:45,10.8,S,2400
09:36:45,10.8,S,800
09:36:45,10.8,S,2200
09:36:45,10.8,S,400
09:36:45,10.8,S,5000
09:36:45,10.8,S,1000
09:36:45,10.8,S,3500
09:36:45,10.8,S,200
09:36:45,10.8,S,300
09:36:45,10.8,S,800
09:36:45,10.8,S,800
09:36:45,10.8,S,5000
09:36:45,10.79,S,14500
09:36:45,10.79,S,2000
09:36:45,10.79,S,100
09:36:45,10.79,S,1000
09:36:45,10.79,S,100
09:36:45,10.79,S,200
09:36:45,10.79,B,1000
09:36:45,10.79,B,100
09:36:45,10.79,B,1100
09:36:45,10.79,B,500
09:36:45,10.79,B,300
09:36:45,10.79,B,1000
09:36:45,10.79,B,500
09:36:45,10.79,B,500
09:36:45,10.79,B,100
09:36:45,10.79,B,1000
09:36:46,10.79,B,1000
09:36:46,10.79,B,200
09:36:46,10.79,B,300
09:36:46,10.79,B,10000
09:36:46,10.79,B,1000
09:36:46,10.79,B,6300
09:36:46,10.79,B,300
09:36:46,10.79,B,1100
09:36:46,10.79,B,500
09:36:46,10.79,B,1000
09:36:46,10.79,B,2000
09:36:47,10.79,B,157800
09:36:47,10.79,B,50000
09:36:47,10.79,B,7300
09:36:47,10.79,B,100
09:36:47,10.78,S,400
09:36:47,10.79,B,300
09:36:48,10.79,B,900
09:36:48,10.79,B,1000
09:36:48,10.79,B,300
09:36:48,10.79,B,400
09:36:48,10.79,B,1000
09:36:48,10.79,B,1000
09:36:48,10.79,B,9300
09:36:48,10.79,B,600
09:36:48,10.78,S,500
09:36:48,10.77,S,1100
09:36:48,10.79,B,9600
09:36:49,10.79,B,1000
09:36:49,10.79,B,500
09:36:49,10.79,B,100
09:36:49,10.79,B,200
09:36:49,10.79,B,600
09:36:49,10.79,B,500
09:36:49,10.79,B,500
09:36:49,10.79,B,100
09:36:50,10.79,B,1000
09:36:50,10.79,B,5800
09:36:50,10.77,S,300
09:36:50,10.77,S,900
09:36:50,10.77,S,100
09:36:50,10.79,B,10000
09:36:50,10.79,B,1000
09:36:50,10.79,B,100
09:36:50,10.79,B,500
09:36:50,10.79,B,2000
09:36:51,10.77,S,400
09:36:51,10.76,S,1600
09:36:51,10.79,B,200
09:36:51,10.79,B,1000
09:36:52,10.79,B,1000
09:36:52,10.79,B,3300
09:36:52,10.79,B,3200
09:36:52,10.76,S,100
09:36:52,10.79,B,300
09:36:52,10.79,B,200
09:36:52,10.79,B,2800
09:36:52,10.79,B,200
09:36:52,10.79,B,1000
09:36:52,10.79,B,1800
09:36:53,10.79,B,200
09:36:53,10.79,B,3800
09:36:53,10.79,B,500
09:36:54,10.79,B,1000
09:36:54,10.79,B,100
09:36:54,10.79,B,1100
09:36:54,10.79,B,100
09:36:54,10.79,B,500
09:36:54,10.79,B,900
09:36:55,10.79,B,400
09:36:55,10.79,B,700
09:36:55,10.79,B,46300
09:36:55,10.79,B,600
09:36:55,10.79,B,1200
09:36:55,10.79,B,600
09:36:55,10.79,B,100
09:36:55,10.79,B,600
09:36:55,10.79,B,500
09:36:55,10.79,B,1000
09:36:55,10.79,B,600
09:36:56,10.79,B,1400
09:36:56,10.8,B,5600
09:36:56,10.8,B,400
09:36:56,10.8,B,300
09:36:56,10.82,B,500
09:36:56,10.82,B,500
09:36:56,10.82,B,200
09:36:56,10.85,B,1000
09:36:56,10.85,B,100
09:36:56,10.83,S,500
09:36:56,10.83,S,600
09:36:56,10.81,S,800
09:36:56,10.79,S,5000
09:36:56,10.79,B,100
09:36:56,10.79,B,1000
09:36:56,10.79,B,800
09:36:57,10.79,B,100
09:36:57,10.79,B,200
09:36:57,10.79,B,100
09:36:57,10.79,B,800
09:36:57,10.8,S,200
09:36:57,10.79,S,500
09:36:57,10.76,S,1600
09:36:58,10.79,B,1300
09:36:58,10.85,B,900
09:36:58,10.85,B,100
09:36:58,10.83,S,2000
09:36:58,10.81,S,200
09:36:58,10.8,B,200
09:36:58,10.8,B,300
09:36:58,10.8,B,300
09:36:59,10.85,B,400
09:36:59,10.85,B,600
09:36:59,10.85,B,1000
09:36:59,10.85,B,500
09:36:59,10.85,B,100
09:36:59,10.86,B,400
09:36:59,10.84,S,100
09:36:59,10.86,B,400
09:37:00,10.86,B,100
09:37:00,10.86,B,200
09:37:01,10.85,B,200
09:37:01,10.85,B,4200
09:37:01,10.85,B,1000
09:37:01,10.85,B,400
09:37:01,10.85,B,5000
09:37:02,10.84,S,600
09:37:02,10.84,S,800
09:37:02,10.85,B,100
09:37:02,10.85,B,300
09:37:02,10.85,B,2000
09:37:02,10.85,B,1200
09:37:03,10.85,B,800
09:37:03,10.85,B,20000
09:37:03,10.85,B,100
09:37:03,10.86,B,1100
09:37:03,10.86,B,800
09:37:03,10.86,B,200
09:37:03,10.86,B,5800
09:37:03,10.87,B,20000
09:37:03,10.87,S,500
09:37:03,10.87,S,2000
09:37:04,10.88,B,1000
09:37:04,10.87,S,2500
09:37:04,10.86,S,500
09:37:04,10.85,B,200
09:37:04,10.85,B,500
09:37:05,10.84,S,200
09:37:05,10.83,S,100
09:37:05,10.85,B,700
09:37:05,10.85,B,200
09:37:05,10.85,B,100
09:37:06,10.85,B,700
09:37:06,10.85,B,200
09:37:06,10.85,B,1300
09:37:07,10.83,S,700
09:37:07,10.83,S,1100
09:37:07,10.83,S,200
09:37:07,10.85,B,1000
09:37:07,10.85,B,1000
09:37:07,10.83,S,800
09:37:07,10.83,S,300
09:37:07,10.83,S,2900
09:37:08,10.83,S,300
09:37:08,10.83,S,1000
09:37:08,10.85,B,100
09:37:08,10.85,B,400
09:37:08,10.83,S,300
09:37:08,10.85,B,1000
09:37:09,10.84,B,300
09:37:09,10.84,B,200
09:37:09,10.84,B,9800
09:37:09,10.84,B,400
09:37:09,10.84,B,2200
09:37:09,10.84,B,900
09:37:09,10.84,B,200
09:37:09,10.84,B,10000
09:37:09,10.84,B,1000
09:37:09,10.84,B,2700
09:37:10,10.84,B,8100
09:37:10,10.85,B,1900
09:37:10,10.85,B,1000
09:37:10,10.85,B,1000
09:37:10,10.85,B,1100
09:37:10,10.85,B,4600
09:37:10,10.85,B,2000
09:37:10,10.85,B,500
09:37:10,10.85,B,200
09:37:10,10.85,B,1000
09:37:10,10.85,B,500
09:37:10,10.85,B,1200
09:37:10,10.85,B,400
09:37:10,10.85,B,300
09:37:10,10.83,S,1000
09:37:11,10.83,S,1000
09:37:11,10.85,B,300
09:37:11,10.85,B,800
09:37:11,10.85,B,700
09:37:11,10.85,B,300
09:37:11,10.85,B,1000
09:37:11,10.84,B,200
09:37:11,10.83,S,500
09:37:11,10.83,S,3000
09:37:12,10.84,B,400
09:37:12,10.84,B,9400
09:37:12,10.85,B,3000
09:37:12,10.85,B,500
09:37:12,10.86,B,100
09:37:12,10.86,B,1400
09:37:12,10.86,B,1000
09:37:12,10.86,B,300
09:37:12,10.86,B,3800
09:37:12,10.87,B,500
09:37:12,10.87,B,500
09:37:12,10.87,B,500
09:37:12,10.88,B,1000
09:37:12,10.86,S,500
09:37:12,10.86,S,300
09:37:12,10.85,S,1000
09:37:13,10.85,B,500
09:37:13,10.84,S,400
09:37:13,10.84,B,100
09:37:13,10.84,B,500
09:37:14,10.83,S,14700
09:37:14,10.83,S,100
09:37:14,10.83,S,300
09:37:14,10.83,S,4000
09:37:14,10.82,S,900
09:37:14,10.82,S,100
09:37:14,10.82,S,1300
09:37:14,10.81,S,2300
09:37:14,10.85,B,700
09:37:14,10.85,S,500
09:37:15,10.85,S,5000
09:37:15,10.85,S,600
09:37:15,10.85,S,5500
09:37:15,10.85,S,15000
09:37:15,10.85,S,2000
09:37:15,10.83,B,1000
09:37:15,10.81,S,400
09:37:15,10.83,B,10000
09:37:15,10.83,B,700
09:37:15,10.84,B,300
09:37:15,10.81,S,700
09:37:15,10.81,S,1000
09:37:15,10.81,S,5000
09:37:15,10.81,S,500
09:37:15,10.81,S,5500
09:37:15,10.8,S,11400
09:37:15,10.8,S,500
09:37:15,10.8,S,200
09:37:15,10.8,S,2700
09:37:15,10.8,S,800
09:37:15,10.8,S,1000
09:37:15,10.8,S,10000
09:37:15,10.8,S,600
09:37:15,10.8,S,500
09:37:15,10.8,S,1000
09:37:15,10.8,S,100
09:37:15,10.8,S,100
09:37:15,10.79,S,100
09:37:15,10.79,S,200
09:37:15,10.79,S,900
09:37:15,10.79,S,1500
09:37:15,10.79,S,1000
09:37:15,10.79,S,2000
09:37:15,10.79,S,2700
09:37:16,10.79,S,1000
09:37:16,10.84,B,100
09:37:16,10.84,B,1900
09:37:16,10.84,B,100
09:37:16,10.84,B,300
09:37:16,10.87,B,300
09:37:16,10.86,S,3000
09:37:16,10.86,S,5600
09:37:17,10.86,S,200
09:37:17,10.85,S,1800
09:37:17,10.85,S,300
09:37:17,10.85,S,600
09:37:17,10.84,B,2000
09:37:17,10.84,B,100
09:37:17,10.84,B,200
09:37:17,10.84,S,1500
09:37:18,10.83,B,1500
09:37:18,10.84,B,500
09:37:18,10.84,B,2500
09:37:18,10.85,B,800
09:37:18,10.85,B,400
09:37:18,10.85,B,100
09:37:18,10.85,B,100
09:37:18,10.86,B,100
09:37:19,10.86,B,400
09:37:19,10.86,S,1000
09:37:19,10.86,S,100
09:37:19,10.85,S,600
09:37:19,10.85,S,300
09:37:19,10.85,S,3400
09:37:19,10.85,S,100
09:37:20,10.86,B,100
09:37:20,10.85,S,200
09:37:20,10.85,S,100
09:37:20,10.83,S,1000
09:37:20,10.81,S,1000
09:37:20,10.8,S,700
09:37:20,10.83,S,300
09:37:20,10.85,B,2000
09:37:20,10.85,B,800
09:37:21,10.85,B,100
09:37:21,10.85,B,300
09:37:21,10.85,B,100
09:37:21,10.85,B,1700
09:37:21,10.83,S,200
09:37:21,10.83,S,200
09:37:21,10.83,B,200
09:37:21,10.83,B,500
09:37:21,10.83,B,100
09:37:21,10.84,B,900
09:37:21,10.84,B,600
09:37:21,10.85,B,1300
09:37:21,10.85,B,4100
09:37:22,10.84,S,300
09:37:22,10.85,B,5100
09:37:22,10.86,B,900
09:37:22,10.86,B,100
09:37:22,10.87,B,2700
09:37:22,10.87,B,1200
09:37:22,10.84,S,2000
09:37:22,10.84,S,1000
09:37:23,10.87,B,200
09:37:23,10.86,S,500
09:37:23,10.86,S,400
09:37:23,10.85,S,1000
09:37:23,10.85,S,1500
09:37:23,10.84,S,100
09:37:23,10.85,S,500
09:37:24,10.84,S,200
09:37:24,10.86,B,2400
09:37:24,10.85,B,100
09:37:24,10.85,B,1000
09:37:24,10.85,B,200
09:37:24,10.84,S,200
09:37:24,10.85,B,700
09:37:25,10.85,S,300
09:37:25,10.84,S,300
09:37:25,10.84,S,400
09:37:25,10.85,B,200
09:37:25,10.85,B,1000
09:37:25,10.85,S,700
09:37:25,10.85,S,2000
09:37:25,10.85,S,200
09:37:26,10.86,B,2000
09:37:26,10.85,S,1000
09:37:26,10.85,S,300
09:37:26,10.85,S,800
09:37:26,10.85,S,500
09:37:27,10.86,B,400
09:37:27,10.85,S,500
09:37:27,10.85,S,3000
09:37:27,10.86,B,3200
09:37:28,10.85,S,300
09:37:28,10.85,S,1000
09:37:29,10.85,S,200
09:37:29,10.85,S,100
09:37:29,10.85,S,300
09:37:29,10.85,S,500
09:37:29,10.86,B,1000
09:37:29,10.85,S,800
09:37:29,10.85,S,500
09:37:29,10.85,S,600
09:37:29,10.85,S,1900
09:37:29,10.85,S,100
09:37:29,10.85,S,300
09:37:29,10.85,S,300
09:37:29,10.85,S,1000
09:37:29,10.85,S,400
09:37:29,10.85,S,3900
09:37:29,10.85,S,300
09:37:29,10.84,S,3000
09:37:29,10.84,S,500
09:37:30,10.84,S,2000
09:37:30,10.85,B,200
09:37:30,10.86,B,2500
09:37:30,10.85,S,100
09:37:30,10.85,S,1000
09:37:30,10.85,S,900
09:37:31,10.86,B,100
09:37:31,10.86,B,3000
09:37:31,10.86,B,100
09:37:31,10.86,B,200
09:37:31,10.86,B,2000
09:37:31,10.86,B,600
09:37:32,10.85,S,10000
09:37:32,10.85,S,7800
09:37:32,10.85,S,1000
09:37:32,10.85,S,1200
09:37:33,10.86,B,400
09:37:33,10.86,B,800
09:37:33,10.86,B,300
09:37:33,10.85,S,800
09:37:33,10.85,S,200
09:37:33,10.85,S,200
09:37:33,10.85,S,4600
09:37:33,10.85,S,300
09:37:33,10.85,S,500
09:37:33,10.85,S,500
09:37:33,10.85,S,200
09:37:33,10.85,S,300
09:37:33,10.85,S,3000
09:37:33,10.85,S,5100
09:37:33,10.85,S,3000
09:37:33,10.85,S,300
09:37:33,10.85,S,100
09:37:33,10.85,S,2000
09:37:33,10.85,B,9700
09:37:33,10.85,B,500
09:37:33,10.85,B,600
09:37:33,10.85,B,1000
09:37:34,10.85,B,100
09:37:34,10.85,B,1000
09:37:34,10.85,B,5200
09:37:34,10.85,B,10000
09:37:34,10.85,B,200
09:37:34,10.85,B,200
09:37:34,10.85,S,200
09:37:34,10.85,S,3000
09:37:34,10.84,S,7000
09:37:34,10.84,S,3000
09:37:34,10.84,S,400
09:37:34,10.84,S,500
09:37:34,10.84,S,1100
09:37:34,10.84,S,500
09:37:35,10.85,B,1000
09:37:35,10.85,B,200
09:37:35,10.85,B,3800
09:37:35,10.86,B,200
09:37:35,10.86,B,300
09:37:35,10.86,B,1200
09:37:35,10.86,B,100
09:37:35,10.86,B,300
09:37:35,10.86,B,500
09:37:35,10.86,B,300
09:37:35,10.86,B,100
09:37:35,10.86,S,500
09:37:35,10.86,S,1000
09:37:36,10.86,S,4800
09:37:36,10.86,S,200
09:37:37,10.86,S,200
09:37:37,10.86,S,1100
09:37:37,10.86,S,1000
09:37:37,10.86,S,300
09:37:37,10.86,S,100
09:37:37,10.86,S,300
09:37:37,10.86,S,200
09:37:37,10.87,B,1000
09:37:38,10.86,S,900
09:37:38,10.86,S,1000
09:37:38,10.86,S,100
09:37:38,10.86,S,100
09:37:38,10.86,S,300
09:37:38,10.86,S,100
09:37:38,10.87,B,600
09:37:39,10.86,S,1000
09:37:39,10.86,S,100
09:37:39,10.87,B,1000
09:37:39,10.86,S,100
09:37:39,10.86,S,2000
09:37:39,10.86,S,1400
09:37:39,10.86,S,1100
09:37:39,10.86,S,100
09:37:39,10.86,S,4900
09:37:39,10.87,B,3000
09:37:40,10.87,B,1000
09:37:40,10.87,B,400
09:37:40,10.87,B,1000
09:37:40,10.87,B,80000
09:37:41,10.86,S,200
09:37:41,10.86,S,1000
09:37:41,10.86,S,1600
09:37:41,10.86,S,100
09:37:41,10.86,S,3300
09:37:41,10.86,S,100
09:37:41,10.86,S,2200
09:37:41,10.86,S,2100
09:37:41,10.86,S,2600
09:37:41,10.85,S,200
09:37:41,10.85,S,300
09:37:41,10.85,S,3000
09:37:41,10.85,S,2800
09:37:41,10.85,S,100
09:37:41,10.85,S,1000
09:37:41,10.85,S,600
09:37:41,10.85,S,20000
09:37:41,10.85,B,300
09:37:41,10.85,B,100
09:37:41,10.85,B,1200
09:37:41,10.85,B,1700
09:37:41,10.85,B,100
09:37:42,10.85,B,100
09:37:42,10.85,B,2000
09:37:42,10.85,B,700
09:37:42,10.85,B,600
09:37:42,10.85,B,800
09:37:43,10.85,B,200
09:37:43,10.85,B,8900
09:37:43,10.85,B,300
09:37:43,10.85,B,14600
09:37:43,10.85,B,100
09:37:43,10.84,S,1100
09:37:43,10.84,S,100
09:37:43,10.84,S,100
09:37:43,10.84,S,100
09:37:43,10.84,S,500
09:37:43,10.84,S,3000
09:37:43,10.84,S,500
09:37:43,10.84,S,100
09:37:43,10.85,B,200
09:37:44,10.85,B,300
09:37:44,10.85,B,700
09:37:44,10.85,B,1300
09:37:44,10.85,B,800
09:37:44,10.85,B,5800
09:37:44,10.85,B,1500
09:37:44,10.85,B,1100
09:37:44,10.84,S,100
09:37:44,10.84,S,100
09:37:44,10.84,S,700
09:37:44,10.84,S,500
09:37:44,10.84,S,200
09:37:44,10.84,S,200
09:37:45,10.84,B,400
09:37:45,10.84,B,700
09:37:45,10.84,B,4500
09:37:45,10.85,B,200
09:37:45,10.85,B,1800
09:37:45,10.85,B,200
09:37:45,10.85,B,400
09:37:45,10.85,B,1400
09:37:45,10.85,B,10000
09:37:45,10.85,B,1000
09:37:45,10.85,B,200
09:37:45,10.85,B,100
09:37:45,10.86,B,1000
09:37:45,10.86,B,2000
09:37:45,10.86,B,600
09:37:45,10.86,B,1000
09:37:45,10.86,B,5000
09:37:45,10.86,B,100
09:37:45,10.86,B,500
09:37:45,10.87,B,17500
09:37:46,10.87,B,8000
09:37:46,10.85,S,100
09:37:46,10.85,B,200
09:37:46,10.85,B,500
09:37:47,10.85,B,300
09:37:47,10.85,S,600
09:37:47,10.83,S,200
09:37:47,10.86,B,400
09:37:47,10.86,S,300
09:37:47,10.84,B,1000
09:37:47,10.84,B,500
09:37:47,10.84,B,400
09:37:47,10.84,B,800
09:37:47,10.86,B,800
09:37:48,10.86,B,200
09:37:48,10.86,B,500
09:37:48,10.85,B,100
09:37:48,10.85,B,100
09:37:48,10.85,B,100
09:37:48,10.85,B,500
09:37:49,10.85,B,1000
09:37:49,10.85,B,6000
09:37:49,10.85,B,300
09:37:49,10.83,S,400
09:37:49,10.84,B,1000
09:37:49,10.84,B,100
09:37:49,10.84,B,3900
09:37:49,10.85,B,46100
09:37:49,10.85,B,100
09:37:49,10.85,B,100
09:37:50,10.85,B,100
09:37:50,10.85,B,2600
09:37:50,10.85,B,3000
09:37:50,10.84,S,400
09:37:50,10.83,S,500
09:37:50,10.83,S,200
09:37:50,10.83,S,100
09:37:50,10.83,S,800
09:37:51,10.85,B,5000
09:37:51,10.83,S,2200
09:37:51,10.83,S,1000
09:37:51,10.83,S,300
09:37:51,10.83,S,1000
09:37:51,10.81,S,200
09:37:51,10.81,S,1300
09:37:51,10.85,B,1000
09:37:51,10.85,B,500
09:37:51,10.85,B,700
09:37:51,10.85,B,1200
09:37:51,10.85,B,500
09:37:52,10.85,B,1400
09:37:52,10.85,B,1000
09:37:52,10.85,B,400
09:37:52,10.85,B,900
09:37:52,10.85,B,500
09:37:52,10.85,B,800
09:37:52,10.85,B,200
09:37:52,10.85,B,1000
09:37:52,10.85,B,800
09:37:52,10.85,B,600
09:37:52,10.86,B,3000
09:37:52,10.86,B,7300
09:37:52,10.86,B,2000
09:37:52,10.86,B,400
09:37:53,10.86,B,10000
09:37:53,10.86,B,800
09:37:53,10.86,B,1000
09:37:53,10.86,B,1000
09:37:53,10.86,B,1900
09:37:53,10.86,B,500
09:37:53,10.86,B,800
09:37:53,10.86,B,500
09:37:54,10.85,B,500
09:37:54,10.85,B,500
09:37:54,10.85,B,700
09:37:54,10.84,S,600
09:37:54,10.82,S,600
09:37:54,10.81,S,800
09:37:54,10.85,B,500
09:37:54,10.85,B,500
09:37:54,10.85,B,400
09:37:54,10.85,B,800
09:37:54,10.85,B,3000
09:37:54,10.85,B,3600
09:37:54,10.86,B,5200
09:37:54,10.86,B,2200
09:37:54,10.85,B,9300
09:37:55,10.84,B,1000
09:37:55,10.85,B,1000
09:37:55,10.83,B,200
09:37:55,10.85,B,400
09:37:55,10.85,B,800
09:37:55,10.85,B,100
09:37:56,10.83,B,500
09:37:56,10.85,B,2600
09:37:56,10.85,B,3000
09:37:56,10.81,S,2000
09:37:56,10.85,B,500
09:37:56,10.85,B,400
09:37:57,10.85,B,300
09:37:57,10.85,B,1000
09:37:57,10.85,B,600
09:37:57,10.85,B,400
09:37:57,10.85,B,100
09:37:57,10.85,B,100
09:37:58,10.85,B,13600
09:37:58,10.85,B,1500
09:37:58,10.85,B,600
09:37:58,10.85,B,3700
09:37:58,10.85,B,600
09:37:58,10.85,B,2000
09:37:58,10.85,B,1800
09:37:58,10.85,B,1000
09:37:58,10.85,B,100
09:37:59,10.85,S,500
09:37:59,10.85,S,1500
09:37:59,10.86,B,300
09:37:59,10.86,B,3900
09:37:59,10.86,B,10000
09:37:59,10.86,B,2000
09:37:59,10.86,B,5000
09:37:59,10.86,B,600
09:37:59,10.86,B,1800
09:37:59,10.85,S,2800
09:37:59,10.85,S,500
09:37:59,10.85,S,200
09:37:59,10.85,S,200
09:37:59,10.86,B,4400
09:37:59,10.86,B,8200
09:37:59,10.86,B,700
09:37:59,10.86,B,100
09:37:59,10.86,B,2000
09:37:59,10.86,B,1000
09:37:59,10.86,B,900
09:37:59,10.86,B,5900
09:37:59,10.86,B,1200
09:37:59,10.86,B,100
09:37:59,10.86,B,10000
09:37:59,10.86,B,400
09:37:59,10.86,B,100
09:37:59,10.86,B,100
09:38:00,10.86,S,900
09:38:00,10.86,S,500
09:38:00,10.86,S,2700
09:38:00,10.85,S,100
09:38:00,10.84,S,100
09:38:00,10.82,B,100
09:38:00,10.84,B,200
09:38:00,10.84,B,1700
09:38:00,10.85,B,200
09:38:00,10.86,B,800
09:38:01,10.86,S,500
09:38:01,10.87,B,300
09:38:02,10.86,S,5300
09:38:02,10.86,S,500
09:38:02,10.85,S,600
09:38:02,10.85,S,2000
09:38:02,10.84,S,100
09:38:02,10.84,B,3800
09:38:03,10.84,B,1000
09:38:03,10.83,B,1000
09:38:04,10.83,B,200
09:38:04,10.83,B,300
09:38:04,10.83,B,100
09:38:04,10.84,B,1600
09:38:04,10.84,B,600
09:38:04,10.84,B,700
09:38:04,10.84,B,100
09:38:04,10.84,B,100
09:38:04,10.84,B,100
09:38:04,10.83,B,1000
09:38:05,10.82,B,1700
09:38:05,10.84,B,3300
09:38:06,10.84,B,1600
09:38:06,10.85,B,1300
09:38:06,10.83,B,3000
09:38:06,10.83,B,4400
09:38:06,10.85,B,300
09:38:06,10.85,B,300
09:38:06,10.83,B,100
09:38:06,10.85,B,800
09:38:07,10.83,B,300
09:38:07,10.83,B,900
09:38:08,10.83,B,1400
09:38:08,10.83,B,2100
09:38:08,10.82,S,100
09:38:08,10.81,S,800
09:38:08,10.83,B,300
09:38:08,10.83,B,2000
09:38:09,10.83,B,100
09:38:09,10.83,B,300
09:38:09,10.81,S,1000
09:38:09,10.83,B,4500
09:38:09,10.83,B,100
09:38:09,10.83,B,100
09:38:09,10.83,B,700
09:38:09,10.83,B,900
09:38:10,10.83,B,500
09:38:10,10.83,B,100
09:38:10,10.83,B,3400
09:38:10,10.83,B,8000
