Time,Price,BuySell,Volume
09:25:01,16.0,S,1000
09:25:01,16.0,S,1200
09:25:01,16.0,S,500
09:25:01,16.0,S,100
09:25:01,16.0,S,200
09:25:01,16.0,S,100
09:25:01,16.0,S,400
09:25:01,16.0,S,900
09:25:01,16.0,S,200
09:25:01,16.0,S,1000
09:25:01,16.0,S,900
09:25:01,16.0,S,200
09:25:01,16.0,S,100
09:25:01,16.0,S,500
09:25:01,16.0,S,200
09:25:01,16.0,B,300
09:25:01,16.0,B,200
09:25:01,16.0,S,800
09:25:01,16.0,S,100
09:25:01,16.0,S,700
09:25:01,16.0,S,1000
09:25:01,16.0,S,100
09:25:01,16.0,S,300
09:25:01,16.0,S,5000
09:25:01,16.0,B,600
09:25:01,16.0,B,1500
09:30:02,16.0,B,200
09:30:02,16.0,B,200
09:30:02,16.0,B,1000
09:30:02,16.0,B,1000
09:30:03,16.0,B,200
09:30:03,16.0,B,500
09:30:03,15.95,S,1000
09:30:03,15.95,S,413
09:30:03,15.98,B,400
09:30:03,16.0,B,5800
09:30:03,16.0,B,100
09:30:03,16.0,B,200
09:30:04,15.95,S,100
09:30:04,16.0,B,100
09:30:04,16.0,B,200
09:30:04,16.0,B,100
09:30:05,15.97,B,100
09:30:05,15.97,B,1300
09:30:05,16.0,B,1700
09:30:05,16.0,B,1000
09:30:05,16.0,B,900
09:30:05,16.02,B,300
09:30:06,16.01,S,100
09:30:09,16.02,B,300
09:30:09,16.07,B,300
09:30:09,16.07,B,700
09:30:09,16.08,B,300
09:30:12,16.01,S,1600
09:30:30,16.08,B,200
09:30:39,16.07,S,100
09:30:42,16.08,B,300
09:30:42,16.08,B,700
09:30:43,16.08,S,407
09:30:45,16.09,B,100
09:30:46,16.08,S,5800
09:30:54,16.08,S,100
09:30:54,16.08,S,1900
09:30:55,16.08,S,800
09:30:55,16.09,B,600
09:30:58,16.09,B,200
09:31:00,16.08,S,3300
09:31:02,16.08,S,100
09:31:03,16.09,B,2000
09:31:06,16.09,B,300
09:31:06,16.09,S,2500
09:31:06,16.09,S,600
09:31:06,16.08,S,6593
09:31:06,16.08,S,307
09:31:14,16.09,S,600
09:31:14,16.09,S,900
09:31:14,16.09,S,600
09:31:14,16.09,S,1000
09:31:14,16.09,S,500
09:31:14,16.08,S,993
09:31:14,16.08,S,607
09:31:15,16.08,S,893
09:31:15,16.08,S,107
09:31:22,16.1,B,100
09:31:30,16.1,B,200
09:31:34,16.09,B,400
09:31:34,16.1,B,500
09:31:34,16.1,B,600
09:31:35,16.1,S,100
09:31:35,16.1,S,200
09:31:35,16.09,S,700
09:31:40,16.1,S,200
09:31:40,16.1,S,1300
09:31:40,16.1,S,300
09:31:40,16.09,S,200
09:31:40,16.11,B,400
09:31:42,16.11,S,2000
09:31:48,16.11,S,100
09:31:52,16.11,S,1500
09:31:54,16.11,S,1500
09:31:59,16.12,B,1000
09:31:59,16.12,B,1700
09:32:01,16.11,S,1000
09:32:03,16.11,S,300
09:32:11,16.12,B,300
09:32:11,16.12,B,200
09:32:11,16.12,B,700
09:32:11,16.12,B,369
09:32:12,16.12,S,431
09:32:12,16.12,B,569
09:32:12,16.12,S,231
09:32:12,16.12,S,400
09:32:12,16.12,S,100
09:32:13,16.11,S,100
09:32:20,16.11,S,200
09:32:22,16.11,S,800
09:32:23,16.11,S,1000
09:32:23,16.11,S,1200
09:32:26,16.12,B,1300
09:32:27,16.11,S,1800
09:32:27,16.11,S,1200
09:32:27,16.11,S,100
09:32:27,16.11,S,1000
09:32:27,16.11,S,200
09:32:28,16.12,B,1000
09:32:30,16.11,S,200
09:32:30,16.11,S,100
09:32:31,16.11,B,200
09:32:34,16.11,B,100
09:32:44,16.11,B,700
09:32:52,16.11,B,100
09:32:52,16.11,B,1300
09:32:52,16.1,S,400
09:32:52,16.1,S,600
09:32:52,16.1,S,500
09:32:53,16.09,S,1100
09:32:53,16.09,S,600
09:32:53,16.09,S,1000
09:32:53,16.08,S,1393
09:32:53,16.08,S,400
09:32:53,16.08,S,207
09:32:57,16.1,B,100
09:32:59,16.1,B,1000
09:32:59,16.1,B,800
09:33:02,16.11,B,200
09:33:08,16.08,S,793
09:33:08,16.08,S,10000
09:33:08,16.08,S,1000
09:33:08,16.08,B,100
09:33:14,16.08,B,800
09:33:15,16.08,B,500
09:33:15,16.08,B,6676
09:33:15,16.08,B,2400
09:33:15,16.08,B,924
09:33:17,16.08,B,300
09:33:17,16.08,B,500
09:33:22,16.08,B,100
09:33:28,16.07,S,200
09:33:28,16.05,S,100
09:33:28,16.01,S,600
09:33:29,16.08,B,176
09:33:29,16.08,B,124
09:33:30,16.08,B,200
09:33:40,16.07,B,200
09:33:40,16.07,B,400
09:33:40,16.07,B,300
09:34:06,16.09,B,500
09:34:07,16.08,S,1600
09:34:07,16.08,S,1500
09:34:07,16.08,S,200
09:34:07,16.08,S,200
09:34:07,16.08,S,400
09:34:07,16.08,S,400
09:34:08,16.07,S,200
09:34:16,16.08,B,300
09:34:22,16.08,B,400
09:34:24,16.07,S,100
09:34:25,16.07,S,200
09:34:25,16.05,S,1000
09:34:25,16.03,S,400
09:34:27,16.07,S,300
09:34:31,16.07,B,100
09:34:31,16.07,B,100
09:34:31,16.07,B,800
09:34:32,16.07,S,300
09:34:34,16.08,B,3400
09:34:34,16.08,B,1500
09:34:34,16.08,B,200
09:34:35,16.08,B,4500
09:34:35,16.08,B,400
09:34:35,16.08,B,5000
09:34:35,16.08,B,200
09:34:35,16.08,B,2100
09:34:39,16.08,B,5100
09:34:39,16.09,B,100
09:34:39,16.09,B,500
09:34:39,16.09,B,4500
09:34:40,16.09,B,4500
09:34:41,16.1,B,4000
09:34:41,16.1,B,200
09:34:41,16.1,B,500
09:34:41,16.1,B,1000
09:34:41,16.1,B,700
09:34:41,16.1,B,1000
09:34:41,16.1,B,1000
09:34:41,16.1,B,1200
09:34:41,16.1,B,500
09:34:41,16.1,B,10000
09:34:41,16.1,B,100
09:34:41,16.11,B,1000
09:34:41,16.11,B,200
09:34:41,16.11,B,400
09:34:41,16.11,B,2000
09:34:41,16.11,B,5000
09:34:41,16.11,B,3300
09:34:41,16.11,B,800
09:34:41,16.11,B,800
09:34:41,16.11,B,3500
09:34:44,16.12,B,2000
09:34:44,16.12,B,7855
09:34:44,16.12,B,14845
09:34:44,16.12,B,55
09:34:44,16.13,B,10000
09:34:45,16.13,S,2300
09:34:47,16.15,B,2000
09:34:47,16.15,B,500
09:34:47,16.16,B,1000
09:34:47,16.16,B,1500
09:34:47,16.16,B,500
09:34:50,16.17,B,1000
09:34:50,16.17,B,1000
09:34:50,16.17,B,3700
09:34:50,16.18,B,1500
09:34:50,16.18,B,500
09:34:50,16.18,B,100
09:34:50,16.18,B,200
09:34:50,16.18,B,1000
09:34:50,16.18,B,1800
09:34:53,16.19,B,1500
09:34:53,16.19,B,12000
09:34:53,16.2,B,1000
09:34:53,16.2,B,2000
09:34:53,16.2,B,1000
09:34:53,16.2,B,400
09:34:53,16.2,B,100
09:34:53,16.2,B,300
09:34:53,16.2,B,200
09:34:53,16.2,B,2000
09:34:53,16.2,B,400
09:34:53,16.2,B,2000
09:34:53,16.2,B,1500
09:34:53,16.2,B,2600
09:34:53,16.2,B,2400
09:34:53,16.2,B,1000
09:34:53,16.2,B,200
09:34:53,16.2,B,500
09:34:53,16.2,B,1000
09:34:56,16.21,B,1000
09:34:59,16.22,S,100
09:34:59,16.25,B,600
09:34:59,16.25,B,100
09:34:59,16.25,B,1000
09:34:59,16.25,B,500
09:34:59,16.25,B,200
09:34:59,16.26,B,1300
09:34:59,16.26,B,1700
09:35:02,16.26,S,100
09:35:02,16.28,B,2000
09:35:02,16.28,B,100
09:35:02,16.28,B,1000
09:35:02,16.29,B,700
09:35:02,16.29,B,800
09:35:02,16.29,B,1000
09:35:02,16.29,B,600
09:35:03,16.29,B,1400
09:35:05,16.29,S,500
09:35:05,16.3,B,100
09:35:05,16.3,B,200
09:35:05,16.3,B,200
09:35:05,16.3,B,600
09:35:05,16.3,B,1000
09:35:07,16.31,S,100
09:35:08,16.32,B,200
09:35:08,16.33,B,200
09:35:08,16.33,B,200
09:35:08,16.33,B,200
09:35:08,16.33,B,200
09:35:09,16.33,B,200
09:35:09,16.33,B,200
09:35:11,16.33,B,1500
09:35:11,16.34,B,1500
09:35:13,16.31,S,500
09:35:15,16.31,S,100
09:35:15,16.31,S,1900
09:35:16,16.31,S,200
09:35:16,16.31,S,2100
09:35:16,16.31,S,700
09:35:18,16.34,B,200
09:35:18,16.33,S,100
09:35:19,16.33,S,100
09:35:21,16.32,S,676
09:35:21,16.33,B,900
09:35:21,16.34,B,3300
09:35:21,16.35,B,900
09:35:22,16.35,S,100
09:35:25,16.35,S,600
09:35:25,16.32,S,324
09:35:25,16.31,S,2100
09:35:25,16.31,S,1700
09:35:25,16.28,S,5276
09:35:26,16.36,B,100
09:35:26,16.36,B,300
09:35:36,16.31,B,100
09:35:36,16.28,S,4724
09:35:37,16.28,B,700
09:35:37,16.26,S,800
09:35:37,16.28,B,200
09:35:40,16.28,B,500
09:35:47,16.28,B,100
09:35:47,16.28,B,2000
09:35:49,16.28,B,2000
09:35:49,16.26,S,1000
09:35:50,16.27,B,5000
09:35:50,16.28,B,5000
09:35:51,16.28,B,11000
09:35:52,16.27,B,500
09:35:52,16.28,B,7900
09:35:52,16.26,S,400
09:35:55,16.26,S,200
09:36:01,16.26,B,100
09:36:03,16.26,B,7400
09:36:03,16.26,B,400
09:36:03,16.26,B,1800
09:36:05,16.22,S,1000
09:36:06,16.26,B,800
09:36:06,16.26,B,100
09:36:06,16.26,B,500
09:36:06,16.26,B,100
09:36:06,16.28,B,3500
09:36:11,16.26,B,1000
09:36:11,16.26,B,300
09:36:12,16.27,S,300
09:36:12,16.27,S,500
09:36:12,16.27,S,2000
09:36:12,16.28,B,1300
09:36:13,16.28,B,1076
09:36:13,16.28,B,1900
09:36:13,16.28,B,24
09:36:13,16.27,S,500
09:36:13,16.28,B,200
09:36:16,16.28,B,700
09:36:18,16.27,S,1000
09:36:23,16.28,B,76
09:36:23,16.28,B,5000
09:36:23,16.28,B,1000
09:36:24,16.3,B,5
09:36:24,16.3,B,800
09:36:24,16.31,B,195
09:36:24,16.28,S,600
09:36:26,16.28,S,1400
09:36:27,16.28,S,100
09:36:27,16.28,S,1824
09:36:27,16.27,S,8176
09:36:27,16.31,B,5
09:36:27,16.31,B,1000
09:36:27,16.31,B,3295
09:36:27,16.27,S,1000
09:36:27,16.27,S,100
09:36:27,16.27,S,2600
09:36:28,16.27,S,524
09:36:28,16.26,S,876
09:36:32,16.26,S,4000
09:36:36,16.26,S,1000
09:36:36,16.3,B,500
09:36:36,16.3,B,1100
09:36:38,16.28,B,300
09:36:38,16.3,B,12900
09:36:38,16.3,B,100
09:36:38,16.31,B,5500
09:36:40,16.27,B,400
09:36:40,16.27,B,100
09:36:45,16.26,S,300
09:36:46,16.27,B,500
09:36:46,16.27,B,1000
09:36:46,16.28,B,200
09:36:46,16.3,B,500
09:36:46,16.3,B,600
09:36:46,16.3,B,5000
09:36:46,16.31,B,1205
09:36:46,16.31,B,500
09:36:46,16.32,B,300
09:36:46,16.32,B,195
09:36:47,16.26,S,900
09:36:48,16.26,S,200
09:36:50,16.31,S,100
09:36:53,16.31,S,300
09:36:54,16.31,S,300
09:36:55,16.31,S,500
09:36:56,16.31,S,8800
09:36:56,16.28,S,2500
09:36:58,16.26,S,2300
09:37:00,16.26,S,700
09:37:00,16.26,S,200
09:37:00,16.26,S,500
09:37:01,16.27,B,400
09:37:02,16.26,S,1000
09:37:09,16.27,B,100
09:37:10,16.27,S,400
09:37:10,16.26,S,500
09:37:11,16.26,S,100
09:37:12,16.26,S,1900
09:37:12,16.26,S,500
09:37:15,16.26,B,2100
09:37:15,16.27,B,2000
09:37:15,16.28,B,3700
09:37:24,16.26,S,200
09:37:24,16.26,S,500
09:37:28,16.26,S,1600
09:37:28,16.26,S,400
09:37:28,16.27,B,1000
09:37:29,16.27,B,3100
09:37:30,16.26,S,1100
09:37:35,16.26,S,600
09:37:38,16.26,S,100
09:37:39,16.26,S,3000
09:37:42,16.26,S,1200
09:37:48,16.26,S,9200
09:37:48,16.26,S,3300
09:37:48,16.26,S,100
09:37:52,16.26,B,300
09:37:58,16.26,B,200
09:38:05,16.26,B,200
09:38:05,16.26,B,100
09:38:08,16.26,B,1500
09:38:10,16.23,S,100
09:38:12,16.25,B,500
09:38:15,16.26,B,100
09:38:19,16.23,S,600
09:38:20,16.23,S,300
09:38:20,16.23,S,600
09:38:21,16.23,B,100
09:38:21,16.25,B,300
09:38:21,16.26,B,1300
09:38:21,16.26,B,400
09:38:21,16.26,B,3900
09:38:34,16.23,S,800
09:38:34,16.23,S,1500
09:38:36,16.23,S,700
09:38:36,16.22,S,300
09:38:36,16.22,S,2000
09:38:36,16.22,S,500
09:38:36,16.22,S,6500
09:38:36,16.22,S,300
09:38:47,16.23,S,1000
09:38:52,16.23,B,800
09:38:52,16.24,B,200
09:38:54,16.23,B,1000
09:38:57,16.22,S,200
09:39:03,16.23,B,300
09:39:03,16.23,B,500
09:39:03,16.23,B,500
09:39:04,16.22,S,5000
09:39:08,16.22,S,1500
09:39:09,16.22,S,1000
09:39:10,16.22,S,100
09:39:14,16.22,S,300
09:39:16,16.22,B,200
09:39:23,16.22,B,500
09:39:23,16.22,B,500
09:39:24,16.22,B,100
09:39:24,16.22,B,400
09:39:26,16.2,S,200
09:39:30,16.22,B,100
09:39:30,16.22,B,400
09:39:31,16.22,B,600
09:39:40,16.22,B,600
09:39:42,16.22,B,100
09:39:42,16.22,B,200
09:39:46,16.22,B,200
09:39:50,16.2,S,400
09:39:50,16.2,S,100
09:39:56,16.22,B,200
09:39:56,16.22,B,800
09:40:01,16.2,S,200
09:40:01,16.2,S,1000
09:40:02,16.2,S,100
09:40:03,16.2,S,100
09:40:05,16.2,S,300
09:40:08,16.2,S,600
09:40:09,16.2,S,100
09:40:10,16.2,S,3000
09:40:10,16.2,S,100
09:40:11,16.2,S,4400
09:40:11,16.2,S,500
09:40:11,16.2,S,400
09:40:11,16.2,S,300
09:40:11,16.2,S,100
09:40:11,16.2,S,300
09:40:11,16.2,S,100
09:40:14,16.2,B,700
09:40:16,16.2,B,100
09:40:18,16.2,B,300
09:40:24,16.2,B,400
09:40:42,16.2,B,1000
09:40:46,16.18,S,200
09:40:46,16.18,S,1000
09:40:56,16.15,S,100
09:40:58,16.18,B,400
09:40:59,16.18,B,1000
09:41:00,16.18,B,1200
09:41:02,16.16,S,400
09:41:02,16.15,S,200
09:41:02,16.15,S,100
09:41:08,16.15,B,300
09:41:08,16.18,B,100
09:41:20,16.18,B,700
09:41:25,16.15,S,500
09:41:25,16.15,S,500
09:41:26,16.18,B,100
09:41:29,16.15,S,100
09:41:32,16.15,S,1400
09:41:34,16.15,B,700
09:41:34,16.15,B,1100
09:41:34,16.17,B,3000
09:41:34,16.17,B,200
09:41:34,16.18,B,13300
09:41:34,16.18,B,200
09:41:34,16.18,B,200
09:41:34,16.18,B,300
09:41:41,16.18,S,5000
09:41:41,16.18,S,16600
09:41:43,16.18,S,400
09:41:44,16.2,B,1400
09:41:44,16.2,B,700
09:41:44,16.2,B,1000
09:41:44,16.2,B,400
09:41:44,16.2,B,100
09:41:44,16.2,B,400
09:41:44,16.2,B,100
09:41:44,16.2,B,700
09:41:44,16.2,B,300
09:41:55,16.2,B,200
09:41:57,16.2,B,500
09:41:57,16.2,B,500
09:41:57,16.2,B,1400
09:41:57,16.19,S,100
09:41:57,16.19,S,1400
09:41:59,16.19,S,600
09:41:59,16.18,S,1400
09:42:01,16.18,S,200
09:42:01,16.18,S,200
09:42:08,16.2,B,600
09:42:08,16.2,B,1000
09:42:08,16.2,B,400
09:42:10,16.18,S,2000
09:42:30,16.19,B,600
09:42:33,16.18,S,1000
09:42:33,16.18,S,500
09:42:33,16.18,S,800
09:42:37,16.19,B,500
09:42:38,16.19,B,300
09:42:38,16.19,B,500
09:42:41,16.19,B,1300
09:42:43,16.19,B,200
09:42:44,16.19,B,2400
09:42:48,16.18,S,500
09:42:50,16.19,B,200
09:42:50,16.19,B,100
09:42:50,16.19,B,1400
09:42:50,16.19,B,500
09:42:51,16.19,B,100
09:42:52,16.19,B,1700
09:42:52,16.19,S,500
09:42:52,16.18,S,500
09:42:59,16.18,S,200
09:42:59,16.18,S,200
09:43:04,16.2,B,200
09:43:05,16.19,S,500
09:43:08,16.18,S,100
09:43:08,16.18,S,100
09:43:15,16.18,S,400
09:43:15,16.19,B,1000
09:43:15,16.19,B,1000
09:43:15,16.2,B,200
09:43:20,16.2,B,200
09:43:20,16.2,B,100
09:43:20,16.2,B,1600
09:43:20,16.2,B,200
09:43:31,16.2,S,600
09:43:31,16.19,S,1400
09:43:34,16.19,S,1600
09:43:34,16.19,S,400
09:43:45,16.2,B,1500
09:43:45,16.2,B,500
09:43:47,16.2,S,900
09:43:54,16.2,S,800
09:43:57,16.2,S,100
09:43:58,16.21,B,100
09:44:00,16.2,S,200
09:44:01,16.2,S,100
09:44:08,16.2,S,900
09:44:08,16.2,S,700
09:44:08,16.2,S,1000
09:44:08,16.21,B,300
09:44:12,16.21,B,500
09:44:14,16.2,S,300
09:44:14,16.2,S,600
09:44:14,16.2,S,200
09:44:15,16.2,S,300
09:44:15,16.2,S,100
09:44:15,16.2,S,100
09:44:15,16.2,S,500
09:44:22,16.2,B,100
09:44:26,16.2,B,200
09:44:30,16.2,B,100
09:44:32,16.2,B,300
09:44:38,16.2,S,1500
09:44:38,16.2,S,300
09:44:38,16.2,S,300
09:44:44,16.2,B,2900
09:44:44,16.21,B,5900
09:44:44,16.21,B,1000
09:44:44,16.22,B,9200
09:44:44,16.22,B,600
09:44:44,16.22,B,100
09:44:44,16.22,B,1100
09:44:44,16.22,B,300
09:44:44,16.22,B,1000
09:44:44,16.22,B,300
09:44:44,16.24,B,3000
09:44:44,16.24,B,300
09:44:44,16.25,B,200
09:44:44,16.25,B,800
09:44:44,16.25,B,1000
09:44:44,16.25,B,1000
09:44:44,16.25,B,800
09:44:44,16.25,B,1000
09:44:44,16.25,B,1000
09:44:44,16.25,B,500
09:44:44,16.25,B,2000
09:44:44,16.25,B,300
09:44:45,16.25,S,300
09:44:46,16.25,S,300
09:44:48,16.25,S,500
09:44:48,16.25,S,500
09:44:52,16.25,S,300
09:44:55,16.25,S,100
09:45:00,16.25,S,400
09:45:01,16.25,S,3000
09:45:03,16.25,S,1000
09:45:03,16.25,S,100
09:45:07,16.25,S,3200
09:45:07,16.25,S,5000
09:45:11,16.26,B,300
09:45:11,16.26,B,1000
09:45:12,16.26,B,200
09:45:14,16.25,S,2000
09:45:15,16.25,S,700
09:45:16,16.26,B,1800
09:45:16,16.26,B,200
09:45:19,16.26,B,1000
09:45:22,16.25,S,100
09:45:24,16.25,S,800
09:45:27,16.25,S,10100
09:45:32,16.25,B,200
09:45:34,16.25,B,2000
09:45:38,16.25,B,300
09:45:43,16.25,B,2000
09:45:44,16.24,B,1000
09:45:48,16.24,B,500
09:45:56,16.25,B,3900
09:45:56,16.25,B,2300
09:46:00,16.21,S,300
09:46:01,16.21,S,297
09:46:03,16.25,B,700
09:46:03,16.25,B,4800
09:46:07,16.25,B,2000
09:46:08,16.25,B,200
09:46:08,16.25,B,100
09:46:14,16.25,B,500
09:46:14,16.25,B,500
09:46:21,16.25,B,4000
09:46:21,16.25,B,2000
09:46:28,16.25,B,100
09:46:37,16.22,S,1000
09:46:37,16.21,S,403
09:46:37,16.21,S,597
09:46:49,16.22,S,77
09:46:53,16.22,S,723
09:46:53,16.22,S,277
09:46:58,16.22,S,323
09:47:21,16.21,S,500
09:47:22,16.22,B,2677
09:47:22,16.22,B,300
09:47:22,16.22,B,23
09:47:28,16.21,S,903
09:47:28,16.21,S,97
09:47:28,16.22,B,100
09:47:32,16.21,S,100
09:47:34,16.21,S,3
09:47:34,16.21,S,100
09:47:34,16.21,S,200
09:47:41,16.21,B,697
09:47:41,16.22,B,403
09:47:42,16.21,B,300
09:47:50,16.22,B,500
09:47:53,16.21,S,100
09:47:56,16.2,S,2000
09:47:56,16.2,S,300
09:47:56,16.2,S,700
09:47:58,16.21,B,1600
09:47:58,16.21,B,700
09:47:58,16.22,B,700
09:48:00,16.2,S,203
09:48:01,16.22,B,374
09:48:01,16.22,B,326
09:48:02,16.2,S,97
09:48:02,16.2,S,200
09:48:02,16.2,S,700
09:48:03,16.2,B,500
09:48:07,16.2,B,300
09:48:09,16.2,B,800
09:48:10,16.2,B,1000
09:48:11,16.2,B,200
09:48:12,16.2,B,500
09:48:21,16.2,B,200
09:48:24,16.2,B,400
09:48:25,16.19,S,100
09:48:26,16.19,S,200
09:48:29,16.2,B,1000
09:48:30,16.2,B,200
09:48:33,16.2,B,203
09:48:33,16.2,B,300
09:48:33,16.2,B,200
09:48:33,16.2,B,300
09:48:37,16.2,S,197
09:48:37,16.2,S,2700
09:48:47,16.2,B,203
09:48:48,16.2,S,300
09:48:57,16.2,S,700
09:48:59,16.2,S,797
09:48:59,16.2,S,203
09:49:01,16.2,S,200
09:49:11,16.21,B,400
09:49:11,16.2,S,100
09:49:12,16.2,S,497
09:49:12,16.2,S,503
09:49:13,16.21,B,600
09:49:16,16.21,S,300
09:49:23,16.21,S,1000
09:49:28,16.22,B,300
09:49:32,16.21,S,100
09:49:32,16.21,S,200
09:49:35,16.22,B,200
09:49:40,16.22,B,174
09:49:40,16.22,B,2126
09:49:41,16.21,S,100
09:49:41,16.21,S,2000
09:49:41,16.2,S,400
09:49:42,16.2,S,200
09:49:43,16.21,B,300
09:49:44,16.21,B,400
09:49:46,16.21,B,300
09:49:46,16.22,B,974
09:49:46,16.22,B,1626
09:49:48,16.21,B,1100
09:49:50,16.22,B,200
09:49:56,16.22,B,3000
09:50:01,16.21,S,100
09:50:05,16.22,B,1000
09:50:05,16.22,B,100
09:50:06,16.21,S,100
09:50:08,16.21,S,300
09:50:09,16.21,S,400
09:50:09,16.21,S,600
09:50:10,16.22,B,2000
09:50:11,16.22,B,6200
09:50:13,16.22,B,200
09:50:14,16.22,B,200
09:50:15,16.22,B,100
09:50:17,16.21,S,400
09:50:17,16.21,S,300
09:50:17,16.21,S,1000
09:50:25,16.21,B,400
09:50:30,16.21,B,100
09:50:32,16.21,B,1000
09:50:33,16.2,S,1000
09:50:36,16.2,S,3200
09:50:38,16.21,B,500
09:50:39,16.21,B,300
09:50:40,16.22,B,10374
09:50:40,16.24,B,900
09:50:40,16.24,B,1000
09:50:40,16.25,B,400
09:50:40,16.25,B,1000
09:50:40,16.25,B,2000
09:50:40,16.25,B,1000
09:50:40,16.25,B,300
09:50:40,16.25,B,1000
09:50:40,16.25,B,1000
09:50:40,16.25,B,300
09:50:40,16.25,B,500
09:50:40,16.25,B,1000
09:50:40,16.25,B,1500
09:50:40,16.26,B,3800
09:50:40,16.26,B,2000
09:50:40,16.26,B,500
09:50:40,16.26,B,3426
09:50:50,16.25,S,500
09:50:50,16.25,S,400
09:51:00,16.26,B,200
09:51:01,16.25,S,2500
09:51:03,16.25,S,200
09:51:03,16.25,S,700
09:51:07,16.26,B,200
09:51:15,16.26,B,15774
09:51:15,16.26,B,200
09:51:15,16.26,B,500
09:51:15,16.26,B,600
09:51:15,16.26,B,15926
09:51:17,16.26,B,100
09:51:20,16.26,B,5000
09:51:20,16.25,S,300
09:51:21,16.26,B,1000
09:51:24,16.26,B,1300
09:51:30,16.26,B,500
09:51:30,16.26,B,500
09:51:33,16.26,B,2000
09:51:34,16.26,B,300
09:51:35,16.26,B,800
09:51:42,16.25,S,100
09:51:42,16.26,B,300
09:51:43,16.26,B,500
09:51:48,16.26,B,1200
09:51:51,16.26,B,300
09:51:52,16.26,B,300
09:51:56,16.26,B,1974
09:51:56,16.26,B,1200
09:51:56,16.26,B,826
09:52:00,16.26,B,700
09:52:01,16.26,B,300
09:52:04,16.26,B,674
09:52:04,16.26,B,526
09:52:06,16.26,B,100
09:52:08,16.26,B,1700
09:52:10,16.26,B,400
09:52:12,16.26,B,1000
09:52:13,16.26,B,500
09:52:22,16.26,B,100
09:52:22,16.26,B,300
09:52:23,16.26,B,574
09:52:23,16.26,B,226
09:52:27,16.26,B,774
09:52:27,16.26,B,426
09:52:28,16.26,B,300
09:52:29,16.26,B,600
09:52:30,16.25,S,10000
09:52:31,16.26,B,274
09:52:41,16.27,B,400
09:52:42,16.26,S,126
09:52:42,16.26,S,800
09:52:42,16.26,S,2000
09:52:42,16.26,S,500
09:52:42,16.25,S,6574
09:52:43,16.27,B,4300
09:52:43,16.27,B,2600
09:52:43,16.27,B,1000
09:52:43,16.27,B,200
09:52:43,16.27,B,5000
09:52:43,16.27,B,300
09:52:43,16.27,B,200
09:52:43,16.28,B,24400
09:52:45,16.26,S,1000
09:52:46,16.26,B,500
09:52:47,16.26,B,300
09:52:50,16.27,S,100
09:52:50,16.26,S,100
09:52:53,16.28,B,600
09:52:53,16.28,B,100
09:52:53,16.28,B,900
09:52:55,16.27,S,300
09:52:55,16.27,S,800
09:52:55,16.26,S,200
09:52:55,16.26,S,100
09:53:02,16.26,S,1100
09:53:03,16.26,B,300
09:53:05,16.26,B,100
09:53:11,16.28,B,100
09:53:11,16.28,S,200
09:53:11,16.27,S,800
09:53:26,16.29,B,200
09:53:32,16.29,B,2300
09:53:32,16.29,B,2200
09:53:38,16.3,B,900
09:53:47,16.29,S,300
09:53:50,16.3,B,100
09:53:50,16.3,B,200
09:53:50,16.3,B,200
09:53:50,16.3,B,500
09:53:51,16.3,B,1000
09:53:51,16.3,B,500
09:53:51,16.3,B,500
09:53:51,16.3,B,1000
09:53:55,16.3,B,200
09:53:56,16.3,B,100
09:53:56,16.3,B,1000
09:53:56,16.3,B,100
09:53:56,16.3,B,400
09:53:56,16.3,B,200
09:53:56,16.29,S,2500
09:53:58,16.3,B,100
09:53:58,16.3,B,500
09:53:58,16.3,B,200
09:53:58,16.3,B,500
09:53:58,16.3,B,400
09:53:58,16.3,B,1000
09:53:58,16.3,B,100
09:53:58,16.3,B,600
09:53:59,16.3,S,1500
09:53:59,16.31,B,2000
09:53:59,16.31,B,700
09:53:59,16.32,B,305
09:53:59,16.32,B,1000
09:53:59,16.32,B,1000
09:53:59,16.32,B,500
09:53:59,16.32,B,100
09:53:59,16.32,B,1000
09:54:04,16.32,S,500
09:54:06,16.32,S,100
09:54:06,16.32,S,1000
09:54:09,16.32,S,1000
09:54:10,16.32,S,795
09:54:17,16.32,B,205
09:54:17,16.32,B,1000
09:54:17,16.33,B,3795
09:54:19,16.3,S,500
09:54:26,16.31,B,300
09:54:27,16.31,B,700
09:54:27,16.32,B,100
09:54:27,16.32,B,7800
09:54:27,16.32,B,1400
09:54:31,16.32,B,200
09:54:33,16.32,B,500
09:54:33,16.32,B,500
09:54:33,16.32,B,100
09:54:34,16.32,B,3700
09:54:34,16.32,B,10000
09:54:34,16.33,B,205
09:54:34,16.33,B,195
09:54:42,16.3,S,302
09:54:42,16.32,B,300
09:54:42,16.32,B,1000
09:54:45,16.32,S,1000
09:54:46,16.33,B,405
09:54:46,16.33,B,2595
09:54:49,16.32,S,500
09:54:50,16.32,S,2200
09:54:50,16.32,S,1000
09:54:50,16.32,S,400
09:54:51,16.31,B,400
09:54:52,16.31,B,6000
09:54:53,16.32,S,1500
09:55:00,16.32,B,1000
09:55:01,16.32,B,400
09:55:01,16.32,B,1800
09:55:03,16.32,B,300
09:55:03,16.32,B,4700
09:55:04,16.3,S,6100
09:55:07,16.32,B,100
09:55:09,16.3,S,3200
09:55:10,16.32,B,700
09:55:10,16.32,B,200
09:55:10,16.32,B,500
09:55:12,16.32,B,700
09:55:15,16.32,B,300
09:55:21,16.32,B,1100
09:55:26,16.32,B,1700
09:55:26,16.32,B,1000
09:55:26,16.32,B,2300
09:55:32,16.3,S,2000
09:55:34,16.3,S,100
09:55:35,16.3,S,600
09:55:35,16.31,B,600
09:55:47,16.3,S,2200
09:55:48,16.3,S,98
09:55:48,16.3,S,200
09:55:48,16.3,S,100
09:55:48,16.3,S,2
09:55:51,16.3,S,100
09:55:53,16.3,S,198
09:55:53,16.3,S,2
09:56:01,16.31,B,1500
09:56:01,16.31,B,500
09:56:03,16.31,S,1000
09:56:04,16.32,B,600
09:56:06,16.3,S,200
09:56:10,16.3,S,1000
09:56:12,16.3,S,3798
09:56:12,16.3,S,200
09:56:12,16.3,S,1002
09:56:13,16.31,B,800
09:56:15,16.3,S,2198
09:56:15,16.3,S,2300
09:56:15,16.3,S,500
09:56:16,16.3,B,3000
09:56:20,16.3,B,200
09:56:22,16.3,B,100
09:56:25,16.3,B,200
09:56:31,16.3,B,3000
09:56:33,16.3,B,900
09:56:34,16.3,B,3000
09:56:35,16.3,B,100
09:56:36,16.29,S,300
09:56:37,16.3,B,100
09:56:41,16.3,B,600
09:56:42,16.3,B,200
09:56:48,16.29,S,2000
09:56:49,16.3,B,3602
09:56:49,16.3,B,900
09:56:49,16.3,B,200
09:56:49,16.3,B,1000
09:56:49,16.3,B,4298
09:56:49,16.3,B,702
09:56:49,16.3,B,498
09:56:52,16.3,B,200
09:56:53,16.29,S,400
09:56:53,16.29,S,300
09:56:53,16.29,S,300
09:56:53,16.29,S,1600
09:56:53,16.29,S,200
09:56:53,16.29,S,1100
09:57:09,16.29,B,500
09:57:10,16.28,S,1700
09:57:10,16.28,S,100
09:57:10,16.28,S,200
09:57:13,16.28,S,300
09:57:13,16.28,S,600
09:57:13,16.28,S,2400
09:57:18,16.29,B,600
09:57:18,16.29,B,200
09:57:18,16.29,B,200
09:57:18,16.29,B,1000
09:57:18,16.3,B,1302
09:57:18,16.3,B,900
09:57:18,16.3,B,200
09:57:18,16.3,B,500
09:57:18,16.3,B,200
09:57:18,16.3,B,1000
09:57:18,16.3,B,1300
09:57:24,16.3,S,200
09:57:28,16.3,S,200
09:57:29,16.3,S,1000
09:57:30,16.3,S,3000
09:57:35,16.3,S,300
09:57:38,16.3,S,2000
09:57:38,16.31,B,500
09:57:42,16.3,S,800
09:57:42,16.3,S,300
09:57:42,16.3,S,5000
09:57:43,16.3,S,1000
09:57:45,16.3,S,200
09:57:49,16.3,S,500
09:57:51,16.3,S,5300
09:57:52,16.31,B,100
09:57:52,16.31,B,100
09:57:53,16.31,B,500
09:57:53,16.31,B,1400
09:57:54,16.31,B,500
09:57:54,16.31,B,500
09:57:54,16.3,S,600
09:57:59,16.3,S,1000
09:58:05,16.3,S,1000
09:58:06,16.3,S,3000
09:58:07,16.31,B,500
09:58:07,16.31,B,400
09:58:07,16.31,B,300
09:58:07,16.31,B,800
09:58:07,16.31,B,100
09:58:09,16.3,S,100
09:58:10,16.31,B,100
09:58:10,16.31,S,1900
09:58:10,16.3,S,23898
09:58:10,16.3,S,2000
09:58:10,16.3,S,200
09:58:10,16.3,S,100
09:58:13,16.3,B,7000
09:58:14,16.3,B,300
09:58:17,16.3,B,300
09:58:17,16.3,B,2400
09:58:20,16.3,B,500
09:58:22,16.3,B,555
09:58:22,16.3,B,300
09:58:22,16.3,B,1000
09:58:22,16.3,B,145
09:58:28,16.3,B,1855
09:58:28,16.3,B,3945
09:58:29,16.3,B,3000
09:58:30,16.29,S,200
09:58:30,16.29,S,500
09:58:30,16.29,S,8700
09:58:30,16.29,S,300
09:58:31,16.3,B,3055
09:58:31,16.3,B,1000
09:58:31,16.3,B,1200
09:58:31,16.3,B,7400
09:58:31,16.3,B,500
09:58:31,16.31,B,5200
09:58:31,16.31,B,2000
09:58:31,16.31,B,300
09:58:31,16.31,B,4500
09:58:31,16.31,B,800
09:58:31,16.31,B,300
09:58:31,16.31,B,800
09:58:31,16.31,B,100
09:58:31,16.31,B,500
09:58:31,16.31,S,1000
09:58:34,16.31,S,1000
09:58:36,16.31,S,700
09:58:36,16.31,S,1300
09:58:36,16.32,B,1200
09:58:36,16.32,B,100
09:58:36,16.32,B,2000
09:58:36,16.32,B,1000
09:58:36,16.32,B,100
09:58:36,16.32,B,500
09:58:36,16.32,B,200
09:58:36,16.32,B,400
09:58:36,16.32,B,2800
09:58:36,16.32,B,700
09:58:36,16.32,B,500
09:58:36,16.32,B,500
09:58:36,16.32,B,300
09:58:36,16.32,B,3500
09:58:36,16.32,B,3000
09:58:36,16.33,B,3200
09:58:37,16.31,S,100
09:58:37,16.31,S,500
09:58:38,16.31,S,500
09:58:40,16.31,S,500
09:58:42,16.31,S,6745
09:58:42,16.3,S,255
09:58:44,16.31,S,100
09:58:46,16.31,S,200
09:58:46,16.3,S,1000
09:58:47,16.3,S,1300
09:58:50,16.3,S,300
09:58:54,16.31,B,600
09:58:54,16.31,B,5400
09:58:54,16.33,B,4000
09:58:55,16.32,B,400
09:58:55,16.3,S,145
09:58:55,16.3,S,900
09:58:55,16.3,S,1955
09:58:57,16.3,S,500
09:59:00,16.31,S,2600
09:59:00,16.31,S,500
09:59:02,16.31,S,7500
09:59:02,16.31,S,700
09:59:03,16.31,S,1000
09:59:03,16.31,S,300
09:59:03,16.31,S,400
09:59:06,16.31,S,100
09:59:06,16.31,S,200
09:59:08,16.3,S,545
09:59:08,16.3,S,300
09:59:08,16.3,S,55
09:59:08,16.3,S,1000
09:59:08,16.3,S,200
09:59:08,16.31,B,1800
09:59:09,16.31,S,500
09:59:14,16.32,B,600
09:59:14,16.32,B,800
09:59:14,16.32,B,5000
09:59:14,16.32,B,1000
09:59:15,16.32,S,100
09:59:17,16.32,S,600
09:59:19,16.32,S,1000
09:59:21,16.32,S,900
09:59:21,16.32,S,100
09:59:23,16.32,S,100
09:59:23,16.32,S,900
09:59:23,16.32,S,1000
09:59:25,16.33,B,400
09:59:25,16.32,S,2000
09:59:27,16.32,S,300
09:59:35,16.32,S,1000
09:59:36,16.33,B,9805
09:59:36,16.33,B,5000
09:59:36,16.33,B,800
09:59:36,16.33,B,1000
09:59:36,16.33,B,700
09:59:36,16.33,B,300
09:59:37,16.33,S,700
09:59:40,16.34,B,300
09:59:40,16.34,B,200
09:59:42,16.33,S,1600
09:59:43,16.33,S,3200
09:59:45,16.33,S,1000
09:59:47,16.33,S,100
09:59:48,16.34,B,600
09:59:48,16.34,B,1400
09:59:50,16.33,S,5000
09:59:51,16.33,S,4000
09:59:52,16.33,S,2000
09:59:53,16.34,B,300
09:59:53,16.34,B,1000
09:59:53,16.34,B,200
09:59:53,16.34,B,1000
09:59:53,16.34,B,1000
09:59:53,16.34,B,1000
09:59:53,16.34,B,500
09:59:53,16.34,B,2942
09:59:53,16.34,B,2058
09:59:58,16.33,S,2000
09:59:59,16.33,S,500
10:00:02,16.34,B,5742
10:00:02,16.34,B,500
10:00:02,16.34,B,400
10:00:02,16.34,B,2000
10:00:02,16.34,B,300
10:00:02,16.35,B,200
10:00:02,16.35,B,500
10:00:02,16.35,B,500
10:00:02,16.35,B,2700
10:00:02,16.35,B,600
10:00:02,16.35,B,1000
10:00:02,16.35,B,500
10:00:02,16.35,B,100
10:00:02,16.35,B,2000
10:00:02,16.35,B,300
10:00:02,16.35,B,500
10:00:02,16.35,B,1000
10:00:02,16.35,B,22758
10:00:07,16.34,S,600
10:00:08,16.34,S,1000
10:00:10,16.35,B,242
10:00:10,16.35,B,300
10:00:10,16.35,B,800
10:00:10,16.35,B,3000
10:00:10,16.35,B,100
10:00:10,16.35,B,100
10:00:10,16.35,B,1600
10:00:10,16.35,B,200
10:00:10,16.35,B,3000
10:00:10,16.36,B,100
10:00:10,16.36,B,3800
10:00:10,16.36,B,10000
10:00:10,16.36,B,100
10:00:10,16.36,B,2500
10:00:10,16.36,B,500
10:00:10,16.36,B,1000
10:00:10,16.37,B,1000
10:00:10,16.37,B,1000
10:00:10,16.38,B,400
10:00:10,16.38,B,500
10:00:10,16.38,B,500
10:00:10,16.38,B,3000
10:00:10,16.38,B,1900
10:00:10,16.38,B,300
10:00:10,16.39,B,600
10:00:10,16.39,B,300
10:00:10,16.39,B,1000
10:00:10,16.39,B,2000
10:00:10,16.39,B,1000
10:00:10,16.39,B,50
10:00:10,16.39,B,200
10:00:10,16.39,B,2300
10:00:13,16.39,S,500
10:00:14,16.39,S,500
10:00:15,16.39,S,600
10:00:15,16.39,S,500
10:00:19,16.39,S,600
10:00:22,16.39,S,200
10:00:22,16.4,B,100
10:00:22,16.4,B,500
10:00:22,16.4,B,100
10:00:22,16.4,B,500
10:00:22,16.4,B,100
10:00:22,16.4,B,500
10:00:22,16.4,B,100
10:00:22,16.4,B,200
10:00:22,16.4,B,300
10:00:22,16.4,B,1500
10:00:22,16.4,B,100
10:00:27,16.39,S,2500
10:00:27,16.39,S,200
10:00:30,16.4,B,400
10:00:30,16.4,B,500
10:00:30,16.4,B,100
10:00:30,16.4,B,100
10:00:30,16.4,B,1900
10:00:32,16.39,S,9000
10:00:32,16.4,B,1000
10:00:33,16.39,S,1000
10:00:36,16.4,B,100
10:00:37,16.4,B,200
10:00:37,16.4,B,3000
10:00:37,16.4,B,2000
10:00:38,16.4,B,900
10:00:39,16.39,S,200
10:00:40,16.39,S,150
10:00:40,16.35,S,250
10:00:41,16.35,S,300
10:00:41,16.39,B,700
10:00:41,16.39,B,300
10:00:41,16.4,B,275
10:00:41,16.4,B,1000
10:00:41,16.4,B,1500
10:00:41,16.4,B,1000
10:00:43,16.4,S,1000
10:00:43,16.4,S,600
10:00:44,16.4,S,300
10:00:47,16.41,B,10000
10:00:47,16.41,B,100
10:00:47,16.41,B,100
10:00:47,16.41,B,100
10:00:47,16.41,S,300
10:00:48,16.41,S,2900
10:00:48,16.4,S,3325
10:00:48,16.4,S,1600
10:00:48,16.4,S,175
10:00:49,16.4,S,300
10:00:49,16.42,B,100
10:00:49,16.4,S,1000
10:00:50,16.4,S,500
10:00:50,16.42,B,100
10:00:53,16.41,S,100
10:00:53,16.41,S,2000
10:00:54,16.41,S,500
10:00:54,16.41,S,700
10:00:54,16.41,S,600
10:00:54,16.41,S,400
10:00:55,16.43,B,400
10:00:55,16.43,B,1500
10:00:58,16.43,S,9500
10:00:58,16.43,S,4800
10:00:58,16.41,S,700
10:00:58,16.4,S,3825
10:00:58,16.4,S,1175
10:01:01,16.4,S,725
10:01:01,16.4,S,200
10:01:01,16.4,S,1000
10:01:01,16.4,S,75
10:01:02,16.43,S,200
10:01:04,16.4,S,1400
10:01:06,16.41,S,2000
10:01:06,16.41,S,600
10:01:06,16.41,S,400
10:01:06,16.41,S,600
10:01:08,16.42,B,400
10:01:09,16.42,B,100
10:01:09,16.43,B,1000
10:01:10,16.43,S,7500
10:01:10,16.43,S,400
10:01:11,16.43,S,1000
10:01:11,16.43,S,4000
10:01:13,16.43,S,500
10:01:15,16.44,B,1800
10:01:15,16.44,B,1400
10:01:15,16.44,B,300
10:01:19,16.43,S,300
10:01:19,16.43,S,700
10:01:19,16.43,S,2200
10:01:19,16.44,B,700
10:01:19,16.44,B,800
10:01:19,16.43,S,2000
10:01:19,16.43,S,800
10:01:23,16.41,S,400
10:01:23,16.41,S,300
10:01:23,16.41,S,300
10:01:24,16.41,B,800
10:01:25,16.41,B,2000
10:01:28,16.41,B,200
10:01:29,16.41,B,500
10:01:33,16.41,B,500
10:01:33,16.41,B,500
10:01:33,16.41,B,600
10:01:33,16.41,B,2700
10:01:34,16.41,B,300
10:01:42,16.4,S,400
10:01:42,16.41,B,1900
10:01:44,16.4,S,1000
10:01:44,16.41,B,1000
10:01:44,16.41,B,1000
10:01:44,16.41,B,200
10:01:44,16.41,B,3000
10:01:44,16.41,B,100
10:01:45,16.41,S,400
10:01:45,16.41,S,1000
10:01:48,16.41,S,2000
10:01:51,16.41,S,200
10:01:51,16.41,S,1100
10:01:51,16.41,S,100
10:01:51,16.41,S,200
10:01:52,16.42,B,200
10:01:53,16.41,S,300
10:01:54,16.41,S,300
10:01:55,16.41,S,2100
10:01:55,16.41,S,900
10:01:55,16.41,S,100
10:01:55,16.4,S,900
10:01:57,16.41,B,1000
10:01:57,16.41,B,1000
10:01:57,16.41,B,500
10:01:58,16.41,S,400
10:01:58,16.41,S,100
10:01:58,16.41,S,700
10:02:01,16.41,B,200
10:02:02,16.4,S,500
10:02:02,16.41,B,500
10:02:05,16.41,B,500
10:02:07,16.4,S,500
10:02:09,16.4,S,300
10:02:10,16.41,B,1000
10:02:12,16.41,B,2000
10:02:12,16.41,B,300
10:02:12,16.41,B,1400
10:02:12,16.41,B,5000
10:02:12,16.41,B,1200
10:02:12,16.41,B,300
10:02:12,16.41,B,300
10:02:12,16.41,B,5600
10:02:13,16.4,S,300
10:02:13,16.4,S,200
10:02:14,16.4,S,1000
10:02:15,16.4,S,500
10:02:15,16.4,S,100
10:02:15,16.4,S,1000
10:02:15,16.4,S,300
10:02:15,16.4,S,1500
10:02:15,16.4,S,2000
10:02:15,16.4,S,700
10:02:16,16.4,S,1300
10:02:19,16.4,B,300
10:02:25,16.4,B,300
10:02:27,16.4,B,2000
10:02:28,16.4,B,1000
10:02:29,16.4,B,1800
10:02:30,16.4,B,100
10:02:34,16.39,S,1700
10:02:36,16.39,B,300
10:02:36,16.4,B,1200
10:02:36,16.4,B,1700
10:02:36,16.4,B,100
10:02:36,16.4,B,2000
10:02:36,16.4,B,1000
10:02:36,16.4,B,400
10:02:36,16.39,S,1400
10:02:37,16.39,B,400
10:02:38,16.39,B,200
10:02:39,16.39,B,500
10:02:40,16.39,B,10000
10:02:46,16.39,B,100
10:02:46,16.39,B,400
10:02:52,16.35,S,200
10:02:52,16.35,S,800
10:02:57,16.35,B,400
10:02:57,16.39,B,2600
10:03:01,16.35,B,1000
10:03:01,16.35,B,2300
10:03:01,16.38,B,400
10:03:01,16.38,B,500
10:03:01,16.38,B,500
10:03:04,16.34,S,5000
10:03:07,16.35,S,300
10:03:07,16.34,S,200
10:03:07,16.34,S,500
10:03:07,16.34,S,800
10:03:07,16.34,S,1000
10:03:07,16.34,S,200
10:03:08,16.35,S,100
10:03:08,16.35,B,100
10:03:08,16.36,B,200
10:03:08,16.38,B,1100
10:03:08,16.38,B,4500
10:03:09,16.38,B,400
10:03:13,16.35,B,500
10:03:14,16.34,S,100
10:03:17,16.35,B,100
10:03:20,16.38,B,100
10:03:20,16.38,B,200
10:03:28,16.38,B,300
10:03:31,16.37,B,200
10:03:31,16.37,B,200
10:03:32,16.36,S,100
10:03:32,16.36,S,400
10:03:32,16.36,S,2800
10:03:38,16.37,B,800
10:03:38,16.36,S,200
10:03:38,16.35,S,100
10:03:43,16.35,S,500
10:03:43,16.35,S,1700
10:03:43,16.36,B,1000
10:03:45,16.35,S,300
10:03:45,16.35,S,100
10:03:46,16.36,B,500
10:03:51,16.35,S,100
10:03:59,16.35,S,400
10:03:59,16.35,S,100
10:04:03,16.34,S,500
10:04:06,16.34,S,1300
10:04:10,16.35,B,1300
10:04:10,16.35,B,300
10:04:16,16.35,B,1000
10:04:16,16.35,B,600
10:04:21,16.35,B,300
10:04:21,16.35,B,200
10:04:21,16.35,B,300
10:04:23,16.35,B,300
10:04:24,16.35,B,200
10:04:24,16.35,B,100
10:04:26,16.35,B,4900
10:04:26,16.35,B,200
10:04:26,16.35,B,1000
10:04:26,16.35,B,400
10:04:26,16.35,B,500
10:04:26,16.35,B,500
10:04:26,16.36,B,500
10:04:26,16.36,B,2500
10:04:28,16.35,S,1000
10:04:30,16.35,S,300
10:04:31,16.35,S,1200
10:04:31,16.35,S,2000
10:04:31,16.35,S,200
10:04:32,16.35,S,100
10:04:32,16.35,S,2000
10:04:32,16.34,S,900
10:04:36,16.35,S,5700
10:04:36,16.34,S,2100
10:04:36,16.34,S,2200
10:04:37,16.34,S,300
10:04:42,16.34,S,1000
10:04:45,16.34,S,6500
10:04:45,16.34,S,100
10:04:45,16.34,S,200
10:04:45,16.33,S,6200
10:04:48,16.35,B,100
10:04:51,16.34,B,500
10:04:55,16.35,B,200
10:04:59,16.33,S,5000
10:05:00,16.35,B,2700
10:05:00,16.35,B,1500
10:05:00,16.35,B,1700
10:05:00,16.35,B,1300
10:05:00,16.36,B,2500
10:05:00,16.36,B,800
10:05:00,16.36,B,6600
10:05:00,16.36,B,3000
10:05:00,16.37,B,1800
10:05:00,16.37,B,200
10:05:00,16.37,B,1000
10:05:00,16.37,B,600
10:05:00,16.37,B,1000
10:05:00,16.37,B,500
10:05:00,16.37,B,300
10:05:00,16.37,B,1000
10:05:00,16.38,B,200
10:05:00,16.38,B,3500
10:05:03,16.33,S,3500
10:05:15,16.34,S,1000
10:05:17,16.35,B,100
10:05:19,16.33,S,100
10:05:20,16.35,B,1000
10:05:22,16.34,S,100
10:05:22,16.35,B,400
10:05:26,16.35,B,400
10:05:26,16.35,B,500
10:05:30,16.34,S,800
10:05:30,16.33,S,200
10:05:31,16.35,B,200
10:05:32,16.35,B,500
10:05:35,16.35,B,1000
10:05:38,16.35,B,500
10:05:47,16.34,B,200
10:05:49,16.33,S,100
10:05:51,16.33,S,100
10:05:52,16.34,B,800
10:05:52,16.35,B,400
10:05:52,16.35,B,200
10:05:52,16.35,B,600
10:06:03,16.35,B,400
10:06:03,16.35,B,100
10:06:06,16.34,S,100
10:06:06,16.34,S,4000
10:06:06,16.33,S,800
10:06:16,16.35,B,900
10:06:16,16.35,B,500
10:06:16,16.35,B,900
10:06:16,16.35,B,100
10:06:20,16.35,S,500
10:06:26,16.35,S,1400
10:06:26,16.37,B,5000
10:06:26,16.37,B,3000
10:06:26,16.37,B,2000
10:06:29,16.35,S,100
10:06:42,16.38,B,1800
10:06:54,16.36,S,1000
10:06:54,16.35,S,2000
10:06:56,16.35,S,1000
10:06:56,16.35,S,1000
10:06:59,16.36,B,2000
10:06:59,16.37,B,200
10:06:59,16.37,B,100
10:07:02,16.37,B,1900
10:07:02,16.38,B,100
10:07:03,16.37,S,100
10:07:17,16.37,S,400
10:07:21,16.37,S,700
10:07:22,16.38,B,1900
10:07:25,16.38,B,12100
10:07:25,16.37,S,9600
10:07:25,16.36,S,1100
10:07:30,16.37,B,400
10:07:30,16.38,B,400
10:07:35,16.38,B,10000
10:07:38,16.38,B,900
10:07:40,16.38,B,400
10:07:41,16.38,B,900
10:07:42,16.38,B,600
10:07:43,16.38,B,16000
10:07:44,16.38,B,1400
10:07:44,16.38,B,100
10:07:44,16.36,S,100
10:07:45,16.38,B,600
10:07:49,16.38,B,1000
10:07:50,16.38,B,500
10:07:56,16.38,B,2300
10:07:56,16.38,B,600
10:07:56,16.38,B,1000
10:07:56,16.38,B,200
10:07:56,16.38,B,100
10:07:56,16.38,B,300
10:07:56,16.38,B,1000
10:07:56,16.38,S,500
10:08:02,16.38,S,500
10:08:08,16.38,S,100
10:08:09,16.38,S,400
10:08:09,16.38,S,2500
10:08:09,16.38,S,300
10:08:15,16.38,S,1700
10:08:15,16.38,S,200
10:08:15,16.38,S,1000
10:08:15,16.37,S,800
10:08:15,16.36,S,1300
10:08:21,16.39,B,600
10:08:23,16.38,S,200
10:08:24,16.38,S,1800
10:08:37,16.38,B,400
10:08:37,16.38,B,2300
10:08:38,16.38,B,2500
10:08:46,16.38,B,100
10:08:50,16.38,B,100
10:08:50,16.38,B,500
10:08:50,16.38,B,500
10:08:50,16.38,B,100
10:08:50,16.38,B,5000
10:08:50,16.38,B,8400
10:08:50,16.39,B,15484
10:08:50,16.39,B,2000
10:08:50,16.39,B,1100
10:08:50,16.39,B,600
10:08:50,16.39,B,1000
10:08:50,16.39,B,800
10:08:50,16.39,B,416
10:08:52,16.38,B,1000
10:08:53,16.38,B,300
10:08:56,16.38,B,800
10:09:00,16.38,B,1000
10:09:07,16.38,B,700
10:09:14,16.38,B,500
10:09:16,16.38,B,500
10:09:16,16.38,B,1000
10:09:23,16.38,B,500
10:09:23,16.38,B,500
10:09:26,16.38,B,1000
10:09:26,16.38,B,5000
10:09:27,16.37,S,4900
10:09:29,16.38,B,600
10:09:31,16.38,B,300
10:09:31,16.38,B,200
10:09:31,16.38,B,500
10:09:36,16.38,B,1400
10:09:38,16.38,B,2000
10:09:41,16.38,B,1000
10:09:45,16.37,S,100
10:09:45,16.37,S,500
10:09:45,16.38,B,5100
10:09:45,16.38,B,1000
10:09:45,16.38,B,300
10:09:45,16.38,B,500
10:09:59,16.37,B,100
10:10:01,16.37,B,500
10:10:03,16.37,B,400
10:10:03,16.38,B,900
10:10:09,16.38,S,700
10:10:10,16.38,S,200
10:10:14,16.38,S,400
10:10:17,16.38,S,300
10:10:20,16.38,S,800
10:10:22,16.38,S,400
10:10:22,16.38,S,1000
10:10:24,16.39,B,1584
10:10:24,16.39,B,16
10:10:24,16.38,S,1000
10:10:34,16.38,S,500
10:10:34,16.39,B,100
10:10:40,16.38,S,200
10:10:46,16.38,S,1600
10:10:46,16.38,S,900
10:10:51,16.39,B,1884
10:10:51,16.39,B,4816
10:10:55,16.38,S,1000
10:10:56,16.38,S,300
10:11:10,16.38,S,100
10:11:14,16.39,B,100
10:11:17,16.39,B,400
10:11:24,16.38,S,500
10:11:34,16.39,B,284
10:11:34,16.39,B,16
10:11:41,16.39,B,100
10:11:43,16.38,S,1600
10:11:46,16.38,S,200
10:11:52,16.38,S,1000
10:11:59,16.39,B,2884
10:11:59,16.39,B,3000
10:11:59,16.39,B,3000
10:11:59,16.39,B,1116
10:12:02,16.39,B,200
10:12:12,16.39,B,500
10:12:14,16.39,B,884
10:12:14,16.39,B,100
10:12:14,16.39,S,16
10:12:15,16.39,B,384
10:12:17,16.39,S,100
10:12:17,16.39,S,216
10:12:17,16.39,S,200
10:12:17,16.38,S,584
10:12:20,16.4,B,100
10:12:20,16.4,B,800
10:12:20,16.4,B,1000
10:12:20,16.4,B,100
10:12:21,16.39,S,100
10:12:21,16.38,S,4000
10:12:41,16.4,B,500
10:12:44,16.39,S,2000
10:12:44,16.39,S,2000
10:12:44,16.39,S,200
10:12:44,16.39,S,1600
10:12:44,16.39,S,4200
10:12:45,16.39,S,3200
10:12:48,16.39,S,11100
10:12:50,16.39,S,1500
10:12:55,16.39,B,5000
10:12:57,16.39,B,500
10:12:57,16.39,B,300
10:12:57,16.39,B,2200
10:13:04,16.39,B,100
10:13:05,16.39,B,100
10:13:05,16.39,B,400
10:13:05,16.39,B,6000
10:13:05,16.39,B,200
10:13:06,16.4,B,100
10:13:06,16.4,B,100
10:13:17,16.39,S,5000
10:13:18,16.39,S,100
10:13:19,16.4,B,500
10:13:19,16.4,B,500
10:13:19,16.4,B,500
10:13:21,16.4,B,300
10:13:24,16.39,S,1000
10:13:25,16.4,B,1200
10:13:25,16.4,B,100
10:13:25,16.4,B,3000
10:13:25,16.4,B,2000
10:13:29,16.39,S,1000
10:13:33,16.39,S,100
10:13:35,16.4,B,1000
10:13:35,16.4,B,200
10:13:35,16.4,B,300
10:13:35,16.4,B,1000
10:13:35,16.4,B,400
10:13:35,16.4,B,400
10:13:35,16.4,B,1000
10:13:35,16.4,B,1200
10:13:35,16.4,B,300
10:13:35,16.4,B,3600
10:13:39,16.4,B,400
10:13:39,16.4,B,1000
10:13:39,16.4,B,600
10:13:40,16.4,B,100
10:13:40,16.4,B,300
10:13:50,16.4,S,200
10:13:50,16.4,S,500
10:13:53,16.41,B,200
10:13:53,16.41,B,300
10:13:53,16.41,B,3000
10:13:55,16.41,B,7000
10:13:55,16.41,B,3000
10:14:07,16.4,S,1000
10:14:11,16.41,B,1300
10:14:11,16.41,B,500
10:14:11,16.41,B,500
10:14:11,16.41,B,1000
10:14:11,16.41,B,4300
10:14:11,16.41,B,200
10:14:11,16.41,B,800
10:14:11,16.41,B,1000
10:14:11,16.41,B,400
10:14:11,16.41,B,200
10:14:14,16.41,S,400
10:14:16,16.41,S,100
10:14:16,16.41,S,600
10:14:18,16.4,S,7900
10:14:18,16.4,S,2500
10:14:18,16.4,S,400
10:14:18,16.4,S,1000
10:14:18,16.4,S,10000
10:14:18,16.4,S,100
10:14:18,16.4,S,300
10:14:18,16.4,S,4000
10:14:29,16.4,B,600
10:14:30,16.4,B,200
10:14:31,16.4,B,200
10:14:32,16.4,B,1000
10:14:32,16.4,B,2000
10:14:33,16.4,B,1000
10:14:36,16.39,S,1200
10:14:36,16.39,S,1398
10:14:41,16.4,B,100
10:14:41,16.4,B,1000
10:14:44,16.39,S,1300
10:14:52,16.39,S,302
10:14:52,16.39,S,1600
10:14:52,16.39,S,1898
10:14:59,16.39,S,102
10:14:59,16.39,S,1800
10:14:59,16.39,S,6098
10:15:09,16.39,S,100
10:15:10,16.4,B,1000
10:15:10,16.39,S,1900
10:15:17,16.38,S,800
10:15:18,16.39,B,500
10:15:18,16.39,B,300
10:15:23,16.39,B,300
10:15:23,16.39,B,100
10:15:23,16.39,B,100
10:15:24,16.4,B,100
10:15:24,16.39,S,500
10:15:27,16.39,S,100
10:15:27,16.39,S,200
10:15:31,16.38,S,10000
10:15:39,16.38,S,7000
10:15:42,16.38,S,10916
10:15:42,16.38,S,2400
10:15:42,16.38,S,3000
10:15:42,16.38,S,500
10:15:42,16.38,S,2000
10:15:42,16.38,S,400
10:15:42,16.38,S,300
10:15:42,16.38,S,1600
10:15:46,16.38,B,100
10:16:05,16.38,B,100
10:16:08,16.37,S,400
10:16:08,16.36,S,500
10:16:08,16.36,S,500
10:16:08,16.36,S,2200
10:16:08,16.36,S,2000
10:16:08,16.35,S,10000
10:16:08,16.35,S,11800
10:16:10,16.38,B,800
10:16:13,16.38,B,100
10:16:27,16.37,S,2000
10:16:34,16.37,S,200
10:16:34,16.37,B,300
10:16:34,16.38,B,200
10:16:43,16.37,B,500
10:16:43,16.37,B,100
10:17:01,16.35,S,200
10:17:04,16.37,B,1400
10:17:04,16.37,B,400
10:17:07,16.35,S,300
10:17:07,16.35,S,200
10:17:07,16.35,S,300
10:17:07,16.35,S,1000
10:17:07,16.35,S,2000
10:17:07,16.35,S,200
10:17:07,16.35,S,900
10:17:07,16.35,S,1000
10:17:07,16.33,S,14100
10:17:26,16.34,S,1000
10:17:29,16.35,B,100
10:17:37,16.34,S,500
10:17:39,16.35,B,100
10:17:42,16.34,S,1000
10:17:47,16.34,S,200
10:17:49,16.34,S,300
10:17:49,16.34,S,1898
10:17:51,16.34,S,1102
10:18:01,16.34,B,698
10:18:01,16.34,B,600
10:18:02,16.35,B,4984
10:18:02,16.35,B,2700
10:18:02,16.35,B,6200
10:18:02,16.37,B,100
10:18:02,16.37,B,1600
10:18:02,16.37,B,200
10:18:10,16.37,S,500
10:18:35,16.37,S,500
10:18:39,16.37,S,100
10:18:52,16.38,B,100
10:18:59,16.37,S,600
10:19:02,16.38,B,900
10:19:02,16.38,B,800
10:19:02,16.38,B,2000
10:19:02,16.38,B,100
10:19:02,16.38,B,2000
10:19:05,16.38,S,200
10:19:24,16.38,S,500
10:19:26,16.38,S,1000
10:19:29,16.39,B,1000
10:19:29,16.39,B,200
10:19:37,16.39,B,100
10:19:44,16.38,S,200
10:19:49,16.38,S,5000
10:19:56,16.38,S,3800
10:19:56,16.38,S,100
10:19:56,16.38,S,3000
10:19:57,16.39,B,700
10:19:57,16.39,B,300
10:20:02,16.38,S,100
10:20:02,16.39,B,200
10:20:02,16.39,B,1000
10:20:02,16.39,B,800
10:20:07,16.39,B,1200
10:20:07,16.39,B,1500
10:20:07,16.39,B,300
10:20:14,16.39,B,200
10:20:21,16.39,B,1000
10:20:28,16.39,B,600
10:20:28,16.39,B,900
10:20:28,16.39,B,300
10:20:28,16.39,B,6800
10:20:28,16.39,B,2000
10:20:28,16.39,B,300
10:20:28,16.39,B,2000
10:20:28,16.39,B,300
10:20:28,16.39,B,300
10:20:28,16.39,B,300
10:20:28,16.39,B,2000
10:20:28,16.39,B,300
10:20:28,16.39,B,300
10:20:28,16.39,B,300
10:20:29,16.39,S,200
10:20:30,16.39,S,100
10:20:30,16.39,S,1000
10:20:37,16.39,S,500
10:20:59,16.39,S,1500
10:20:59,16.39,S,3500
10:20:59,16.4,B,100
10:21:04,16.39,S,400
10:21:05,16.39,S,200
10:21:06,16.39,S,3400
10:21:06,16.39,S,200
10:21:12,16.39,B,300
10:21:14,16.39,B,3000
10:21:15,16.38,S,300
10:21:18,16.39,B,1000
10:21:24,16.38,S,300
10:21:27,16.39,B,200
10:21:29,16.39,B,100
10:21:33,16.39,B,200
10:21:46,16.38,S,2000
10:21:56,16.38,S,200
10:21:57,16.39,B,800
10:22:09,16.38,S,400
10:22:12,16.39,B,600
10:22:20,16.38,S,200
10:22:29,16.39,B,2700
10:22:43,16.38,S,3100
10:22:52,16.38,S,400
10:22:52,16.38,S,100
10:22:52,16.38,S,100
10:22:52,16.38,S,100
10:22:52,16.38,S,2000
10:22:55,16.38,S,1000
10:22:55,16.38,S,1000
10:22:58,16.39,B,4500
10:23:03,16.38,S,3000
10:23:07,16.38,S,100
10:23:07,16.38,S,300
10:23:09,16.39,B,2300
10:23:35,16.39,B,700
10:23:35,16.39,B,100
10:23:35,16.39,B,800
10:23:35,16.39,B,400
10:23:48,16.38,S,2600
10:23:48,16.38,S,400
10:23:53,16.39,B,200
10:23:54,16.39,B,300
10:23:56,16.39,B,600
10:23:56,16.39,B,200
10:23:56,16.39,B,100
10:23:56,16.39,B,100
10:23:59,16.39,B,400
10:23:59,16.39,B,1000
10:23:59,16.39,B,1000
10:23:59,16.39,B,300
10:23:59,16.39,B,1000
10:23:59,16.39,B,1800
10:24:03,16.39,B,600
10:24:31,16.38,S,2100
10:24:31,16.38,S,1700
10:24:31,16.38,S,100
10:24:31,16.38,S,100
10:24:34,16.38,S,3900
10:24:34,16.38,S,1800
10:24:34,16.38,S,400
10:24:39,16.38,S,600
10:24:39,16.38,S,100
10:24:41,16.39,B,600
10:24:41,16.39,B,600
10:24:41,16.39,B,500
10:24:41,16.39,B,100
10:24:41,16.39,B,1000
10:24:41,16.39,B,1500
10:24:48,16.38,S,500
10:24:48,16.38,S,700
10:25:02,16.38,S,300
10:25:02,16.38,S,100
10:25:02,16.38,S,100
10:25:05,16.38,B,1500
10:25:08,16.39,B,100
10:25:33,16.38,B,100
10:25:39,16.37,S,2000
10:25:49,16.37,S,500
10:25:57,16.38,S,100
10:25:57,16.37,S,800
10:26:02,16.37,S,400
10:26:09,16.38,B,1000
10:26:13,16.38,B,200
10:26:24,16.37,S,600
10:26:40,16.37,S,1200
10:26:52,16.38,B,200
10:26:58,16.37,S,300
10:26:58,16.37,S,1000
10:27:14,16.37,S,1000
10:27:19,16.38,B,300
10:27:20,16.37,S,100
10:27:28,16.38,B,200
10:27:33,16.37,S,2500
10:27:35,16.38,B,200
10:27:36,16.38,B,100
10:27:46,16.38,B,200
10:27:46,16.37,S,10900
10:27:59,16.37,S,200
10:28:01,16.37,S,300
10:28:04,16.37,S,1000
10:28:07,16.37,S,200
10:28:07,16.37,S,1000
10:28:08,16.37,S,2516
10:28:08,16.37,S,500
10:28:08,16.37,S,500
10:28:08,16.37,S,100
10:28:08,16.37,S,500
10:28:08,16.37,S,1884
10:28:08,16.37,S,516
10:28:08,16.37,S,600
10:28:27,16.37,B,2500
10:28:31,16.36,S,500
10:28:31,16.35,S,300
10:28:31,16.35,S,200
10:28:50,16.37,B,3584
10:28:50,16.37,B,200
10:28:50,16.37,B,500
10:28:50,16.37,B,16
10:28:52,16.36,S,500
10:28:53,16.37,B,100
10:28:54,16.36,S,800
10:28:57,16.35,S,100
10:28:58,16.36,B,1000
10:29:11,16.36,B,1200
10:29:14,16.36,B,100
10:29:14,16.37,B,1100
10:29:23,16.35,S,300
10:29:23,16.35,S,300
10:29:23,16.35,S,100
10:29:23,16.35,S,100
10:29:26,16.35,B,200
10:29:26,16.36,B,800
10:29:32,16.36,B,2700
10:29:32,16.36,B,100
10:29:46,16.37,B,100
10:29:49,16.35,S,200
10:29:49,16.35,S,400
10:29:52,16.35,S,600
10:29:52,16.35,S,1100
10:29:57,16.36,B,800
10:29:57,16.37,B,584
10:29:57,16.37,B,416
10:30:02,16.35,S,100
10:30:02,16.37,B,200
10:30:07,16.35,S,500
10:30:12,16.37,B,2000
10:30:15,16.36,S,2000
10:30:19,16.35,S,100
10:30:25,16.35,S,200
10:30:25,16.35,S,100
10:30:26,16.35,B,1700
10:30:26,16.36,B,1600
10:30:26,16.37,B,1484
10:30:26,16.37,B,3000
10:30:26,16.37,B,1000
10:30:26,16.37,B,116
10:30:47,16.35,B,300
10:30:47,16.36,B,1500
10:30:47,16.36,B,200
10:30:49,16.34,S,300
10:31:06,16.35,S,2000
10:31:06,16.35,S,600
10:31:06,16.35,S,100
10:31:21,16.35,B,300
10:31:25,16.34,S,2
10:31:25,16.34,S,400
10:31:25,16.34,S,98
10:31:30,16.35,B,600
10:31:36,16.34,S,2
10:31:36,16.34,S,500
10:31:36,16.34,S,200
10:31:36,16.34,S,500
10:31:36,16.34,S,98
10:31:36,16.34,S,2
10:31:36,16.34,S,1998
10:31:39,16.34,S,302
10:31:39,16.34,S,598
10:31:51,16.34,S,202
10:31:51,16.34,S,498
10:31:59,16.35,B,400
10:32:03,16.36,S,3000
10:32:04,16.35,S,100
10:32:07,16.35,S,200
10:32:17,16.35,S,300
10:32:25,16.36,B,1000
10:32:25,16.36,B,600
10:32:25,16.36,B,400
10:32:35,16.36,S,300
10:32:35,16.34,S,279
10:32:49,16.35,S,800
10:32:51,16.35,S,3200
10:32:51,16.34,S,223
10:32:51,16.34,S,300
10:32:51,16.34,S,900
10:32:51,16.34,S,200
10:32:51,16.33,S,1000
10:32:51,16.33,S,100
10:32:51,16.33,S,500
10:32:51,16.33,S,1200
10:32:51,16.33,S,1700
10:32:51,16.33,S,500
10:32:51,16.33,S,6200
10:32:51,16.33,S,2000
10:32:51,16.33,S,3000
10:32:51,16.32,S,5241
10:33:06,16.36,S,1000
10:33:07,16.34,B,100
10:33:14,16.34,B,100
10:33:17,16.32,S,200
10:33:27,16.33,S,200
10:33:27,16.34,B,1000
10:33:29,16.34,B,1000
10:33:35,16.33,S,500
10:33:46,16.34,B,200
10:33:57,16.33,B,400
10:33:57,16.34,B,100
10:33:57,16.34,B,500
10:34:01,16.34,B,100
10:34:07,16.33,S,5000
10:34:12,16.33,S,9100
10:34:12,16.34,B,200
10:34:12,16.34,B,300
10:34:14,16.34,B,500
10:34:19,16.34,B,300
10:34:26,16.34,B,2900
10:34:39,16.34,B,1000
10:34:39,16.34,B,300
10:34:56,16.34,S,1000
10:34:56,16.34,S,100
10:35:04,16.35,B,100
10:35:19,16.34,S,100
10:35:19,16.34,S,400
10:35:19,16.34,S,1600
10:35:19,16.34,S,400
10:35:39,16.34,S,100
10:35:44,16.35,B,200
10:36:08,16.34,S,400
10:36:08,16.34,S,100
10:36:08,16.34,S,800
10:36:08,16.34,S,500
10:36:08,16.34,S,200
10:36:38,16.34,S,100
10:36:38,16.34,S,700
10:36:52,16.34,S,500
10:37:10,16.35,B,700
10:37:12,16.35,B,500
10:37:12,16.35,B,200
10:37:12,16.35,B,1300
10:37:22,16.34,S,200
10:37:24,16.35,B,2700
10:37:24,16.35,B,2000
10:37:24,16.36,B,700
10:37:29,16.34,S,100
10:37:31,16.34,S,200
10:37:35,16.35,S,1500
10:37:35,16.34,S,300
10:37:35,16.34,S,300
10:38:05,16.33,S,1000
10:38:18,16.34,B,3500
10:38:18,16.34,B,587
10:38:18,16.34,B,900
10:38:18,16.34,B,3913
10:38:18,16.33,S,5000
10:38:24,16.34,B,87
10:39:03,16.34,S,113
10:39:03,16.34,S,387
10:39:06,16.34,S,200
10:39:10,16.34,S,113
10:39:10,16.34,S,287
10:39:30,16.34,S,500
10:39:33,16.34,S,100
10:39:40,16.34,S,213
10:39:40,16.34,S,287
10:39:54,16.35,B,100
10:39:54,16.35,B,500
10:39:54,16.35,B,184
10:39:54,16.35,B,100
10:39:58,16.36,B,2000
10:40:07,16.35,S,116
10:40:11,16.35,B,384
10:40:11,16.36,B,700
10:40:11,16.36,B,516
10:40:24,16.35,S,300
10:40:28,16.36,B,284
10:40:28,16.36,B,300
10:40:28,16.36,B,1000
10:40:28,16.36,B,3000
10:40:28,16.36,B,516
10:40:32,16.35,S,700
10:40:40,16.36,B,484
10:40:40,16.36,B,400
10:40:40,16.36,B,10400
10:40:45,16.36,S,100
10:40:50,16.36,S,200
10:41:06,16.37,B,200
10:41:06,16.37,B,400
10:41:06,16.37,B,900
10:41:25,16.37,B,300
10:41:25,16.37,B,700
10:41:40,16.36,S,1000
10:41:55,16.37,B,1300
10:41:55,16.37,B,700
10:41:55,16.36,S,416
10:41:55,16.36,S,284
10:41:58,16.36,S,100
10:41:59,16.36,S,616
10:41:59,16.36,S,100
10:41:59,16.36,S,284
10:42:00,16.37,B,1500
10:42:10,16.37,B,200
10:42:10,16.37,B,400
10:42:15,16.36,S,216
10:42:15,16.36,S,184
10:42:21,16.37,B,100
10:42:21,16.37,B,200
10:42:23,16.36,S,1816
10:42:23,16.36,S,1804
10:42:23,16.37,B,300
10:42:24,16.37,B,1000
10:42:31,16.37,B,1200
10:42:31,16.37,B,300
10:42:36,16.36,S,496
10:42:36,16.36,S,4
10:42:40,16.37,B,1700
10:42:40,16.37,B,16000
10:42:40,16.37,B,1900
10:42:40,16.37,B,500
10:42:40,16.37,B,1000
10:42:40,16.38,B,1300
10:42:40,16.38,B,200
10:43:14,16.38,B,1300
10:43:14,16.38,B,1000
10:43:14,16.38,B,2900
10:43:14,16.38,B,1100
10:43:14,16.38,B,500
10:43:14,16.38,B,300
10:43:29,16.38,S,8900
10:43:31,16.37,S,500
10:43:31,16.38,B,2000
10:43:40,16.38,B,5000
10:43:40,16.38,B,500
10:43:51,16.38,B,1700
10:43:52,16.38,B,1900
10:43:52,16.38,B,100
10:43:57,16.37,S,1710
10:43:58,16.38,B,100
10:44:00,16.38,B,1000
10:44:06,16.37,S,5500
10:44:12,16.38,B,800
10:44:12,16.38,B,200
10:44:23,16.38,B,7100
10:44:23,16.38,B,1000
10:44:23,16.39,B,400
10:44:23,16.39,B,700
10:44:23,16.39,B,300
10:44:23,16.39,B,1000
10:44:23,16.39,B,700
10:44:37,16.37,S,2290
10:44:37,16.37,S,400
10:44:51,16.37,B,13610
10:44:51,16.37,B,300
10:44:51,16.39,B,300
10:44:51,16.39,B,500
10:44:51,16.39,B,2000
10:44:51,16.39,B,200
10:44:51,16.39,B,600
10:44:51,16.39,B,1200
10:44:51,16.39,B,3200
10:44:51,16.39,B,2000
10:44:51,16.4,B,100
10:44:51,16.4,B,100
10:44:51,16.4,B,5000
10:44:51,16.4,B,500
10:44:51,16.4,B,1000
10:44:51,16.4,B,300
10:44:51,16.4,B,800
10:44:51,16.4,B,700
10:44:51,16.4,B,600
10:44:51,16.4,B,200
10:44:51,16.4,B,1000
10:44:51,16.4,B,500
10:44:51,16.4,B,900
10:44:51,16.4,B,1050
10:44:51,16.4,B,100
10:44:51,16.4,B,2000
10:44:51,16.4,B,500
10:44:51,16.4,B,200
10:44:51,16.4,B,300
10:44:51,16.4,B,200
10:44:51,16.4,B,1100
10:44:51,16.4,B,200
10:44:51,16.4,B,1400
10:44:51,16.4,B,1000
10:44:57,16.4,S,300
10:45:00,16.4,S,500
10:45:13,16.4,S,600
10:45:13,16.4,S,300
10:45:16,16.41,B,1000
10:45:16,16.41,B,200
10:45:18,16.4,S,300
10:45:19,16.4,S,500
10:45:22,16.41,B,500
10:45:29,16.4,S,100
10:45:33,16.41,B,500
10:45:33,16.41,B,400
10:45:34,16.41,B,100
10:45:46,16.4,S,3740
10:45:46,16.4,S,600
10:45:46,16.4,S,660
10:45:48,16.41,B,300
10:45:48,16.41,B,400
10:45:48,16.41,B,200
10:45:48,16.41,B,300
10:45:48,16.41,B,100
10:45:52,16.41,B,200
10:46:08,16.4,S,240
10:46:08,16.4,S,700
10:46:11,16.4,B,100
10:46:19,16.4,B,2000
10:46:20,16.4,B,960
10:46:20,16.41,B,40
10:46:47,16.38,S,2000
10:46:49,16.38,S,800
10:46:49,16.38,S,2000
10:46:49,16.37,S,2200
10:46:52,16.4,B,200
10:46:52,16.4,B,2900
10:47:01,16.39,B,300
10:47:01,16.4,B,700
10:47:13,16.38,S,2200
10:47:34,16.4,B,300
10:47:39,16.38,S,200
10:47:40,16.4,B,200
10:47:52,16.39,B,1500
10:47:52,16.4,B,500
10:48:00,16.38,S,300
10:48:00,16.38,S,500
10:48:02,16.4,B,200
10:48:09,16.4,B,200
10:48:09,16.4,B,200
10:48:09,16.4,B,1600
10:48:10,16.38,S,100
10:48:10,16.38,S,900
10:48:32,16.38,S,400
10:48:45,16.39,B,500
10:48:45,16.39,B,500
10:48:58,16.38,S,500
10:49:00,16.38,S,200
10:49:00,16.38,S,500
10:49:00,16.38,S,300
10:49:00,16.39,B,1200
10:49:00,16.39,B,300
10:49:00,16.39,B,2000
10:49:00,16.39,B,500
10:49:00,16.4,B,400
10:49:00,16.4,B,800
10:49:17,16.4,B,800
10:49:22,16.39,S,1500
10:49:22,16.4,B,700
10:49:30,16.4,B,500
10:49:31,16.4,B,200
10:49:31,16.4,B,300
10:50:07,16.39,S,2000
10:50:10,16.39,S,100
10:50:13,16.4,B,500
10:50:19,16.4,B,100
10:50:32,16.39,S,400
10:50:43,16.4,B,100
10:50:43,16.4,B,1000
10:50:43,16.4,B,100
10:50:53,16.39,S,400
10:50:53,16.39,S,2000
10:50:53,16.39,S,7200
10:50:53,16.39,S,100
10:51:16,16.39,B,1400
10:51:21,16.39,B,700
10:51:29,16.38,S,100
10:51:35,16.39,B,800
10:51:37,16.39,B,100
10:51:48,16.39,B,300
10:51:57,16.38,S,600
10:51:57,16.38,S,200
10:51:57,16.38,S,200
10:51:57,16.38,S,600
10:51:57,16.38,S,100
10:51:57,16.38,S,2100
10:51:57,16.38,S,100
10:51:57,16.38,S,400
10:51:57,16.38,S,200
10:51:57,16.38,S,800
10:51:57,16.38,S,1300
10:51:57,16.38,S,100
10:52:03,16.38,S,100
10:52:05,16.39,B,600
10:52:08,16.39,B,100
10:52:14,16.39,B,2100
10:52:20,16.38,S,300
10:52:20,16.38,S,100
10:52:40,16.39,B,100
10:52:48,16.38,S,100
10:52:48,16.38,S,200
10:52:48,16.38,S,277
10:52:59,16.38,S,1123
10:52:59,16.38,S,300
10:53:03,16.38,B,100
10:53:14,16.37,S,600
10:53:14,16.38,B,1700
10:53:19,16.38,B,777
10:53:19,16.39,B,923
10:53:45,16.38,B,100
10:53:57,16.37,S,2200
10:53:57,16.37,S,10000
10:53:57,16.37,S,1500
10:53:57,16.37,S,100
10:53:57,16.37,S,400
10:53:57,16.37,S,100
10:53:57,16.37,S,100
10:54:12,16.38,B,100
10:54:14,16.38,B,200
10:54:14,16.39,B,1800
10:54:30,16.38,S,200
10:54:32,16.38,B,100
10:54:33,16.39,B,500
10:54:49,16.39,B,877
10:54:49,16.39,B,3000
10:54:49,16.39,B,800
10:54:49,16.39,B,2000
10:54:49,16.39,B,500
10:54:49,16.39,B,500
10:54:49,16.39,B,600
10:54:49,16.39,B,1723
10:54:55,16.39,B,77
10:55:01,16.4,B,600
10:55:03,16.39,S,500
10:55:05,16.39,S,400
10:55:05,16.4,B,600
10:55:05,16.4,B,500
10:55:17,16.4,B,700
10:55:27,16.39,S,123
10:55:27,16.39,S,1377
10:55:29,16.39,S,800
10:55:30,16.39,S,1823
10:55:34,16.39,B,100
10:55:36,16.39,B,77
10:55:39,16.39,S,500
10:55:41,16.4,B,900
10:55:47,16.4,B,1600
10:55:50,16.39,S,700
10:55:55,16.39,S,423
10:55:55,16.39,S,100
10:56:02,16.39,B,100
10:56:20,16.39,B,100
10:56:22,16.39,S,300
10:56:23,16.39,B,1000
10:56:25,16.39,B,200
10:56:28,16.39,S,300
10:56:29,16.39,S,900
10:56:47,16.39,B,100
10:56:47,16.39,B,400
10:56:48,16.39,B,1800
10:56:53,16.39,B,1200
10:56:56,16.39,B,300
10:57:01,16.39,S,700
10:57:02,16.39,B,600
10:57:09,16.38,S,100
10:57:17,16.39,B,400
10:57:24,16.4,B,800
10:57:24,16.4,B,200
10:57:24,16.4,B,1000
10:57:31,16.39,S,100
10:57:32,16.39,B,200
10:57:32,16.39,B,100
10:57:35,16.39,B,600
10:57:46,16.39,S,400
10:57:46,16.38,S,419
10:58:12,16.4,B,700
10:58:27,16.4,B,500
10:58:27,16.4,B,500
10:58:27,16.4,B,300
10:58:37,16.4,B,700
10:58:37,16.4,B,1100
10:58:49,16.4,B,200
10:58:50,16.39,S,500
10:58:50,16.39,S,500
10:58:50,16.39,S,100
10:58:50,16.38,S,5581
10:58:50,16.38,S,300
10:58:50,16.38,S,1000
10:58:50,16.38,S,219
10:58:56,16.4,B,100
10:58:59,16.4,B,400
10:58:59,16.4,B,900
10:58:59,16.4,B,200
10:58:59,16.4,B,200
10:58:59,16.4,B,200
10:58:59,16.4,B,2000
10:58:59,16.4,B,100
10:58:59,16.4,B,1100
10:58:59,16.4,B,2500
10:58:59,16.4,B,100
10:58:59,16.4,B,500
10:58:59,16.4,B,400
10:58:59,16.4,B,500
10:58:59,16.4,B,8500
10:58:59,16.4,B,2400
10:58:59,16.4,B,600
10:58:59,16.4,B,400
10:59:18,16.4,B,2600
10:59:22,16.4,B,1000
10:59:29,16.4,B,100
10:59:38,16.4,B,300
10:59:38,16.4,B,200
10:59:39,16.4,B,600
10:59:41,16.4,B,800
10:59:41,16.4,B,700
10:59:43,16.4,B,1200
10:59:49,16.4,B,300
10:59:49,16.4,B,200
10:59:51,16.39,S,100
10:59:51,16.39,S,400
10:59:51,16.39,S,400
10:59:55,16.4,B,6600
10:59:55,16.4,B,100
10:59:55,16.4,B,300
10:59:55,16.4,B,100
10:59:55,16.4,B,200
11:00:03,16.4,S,7700
11:00:03,16.4,S,600
11:00:05,16.4,B,300
11:00:14,16.4,B,300
11:00:21,16.4,B,500
11:00:27,16.39,S,1000
11:00:28,16.4,B,600
11:00:28,16.4,B,1000
11:00:28,16.41,B,8400
11:00:38,16.4,S,500
11:00:39,16.4,B,500
11:00:51,16.4,S,500
11:00:57,16.41,B,1260
11:00:57,16.41,B,500
11:00:57,16.41,B,1000
11:00:57,16.41,B,1000
11:00:57,16.41,B,1200
11:00:57,16.41,B,1000
11:00:57,16.41,B,700
11:00:57,16.41,B,200
11:00:57,16.41,B,300
11:00:57,16.41,B,100
11:00:57,16.41,B,100
11:00:57,16.41,B,640
11:01:04,16.41,B,360
11:01:04,16.41,B,800
11:01:04,16.41,B,840
11:01:17,16.41,B,100
11:01:17,16.41,B,60
11:01:17,16.41,B,500
11:01:17,16.41,B,40
11:01:21,16.4,S,500
11:01:22,16.41,B,500
11:01:27,16.41,B,460
11:01:27,16.41,B,240
11:01:28,16.4,S,300
11:01:28,16.4,S,200
11:01:29,16.4,B,9500
11:01:37,16.4,S,500
11:01:40,16.4,S,200
11:01:41,16.41,B,300
11:01:50,16.41,B,1200
11:01:56,16.4,S,800
11:01:59,16.4,B,1200
11:01:59,16.41,B,1160
11:01:59,16.41,B,500
11:01:59,16.41,B,140
11:02:18,16.4,B,200
11:02:20,16.41,B,860
11:02:20,16.41,B,2000
11:02:20,16.41,B,200
11:02:20,16.41,B,1000
11:02:20,16.41,B,500
11:02:20,16.41,B,100
11:02:21,16.41,S,377
11:02:51,16.41,S,100
11:02:54,16.42,B,500
11:02:55,16.41,S,1863
11:02:55,16.41,S,137
11:03:00,16.41,S,2163
11:03:00,16.41,S,1837
11:03:01,16.41,S,100
11:03:10,16.42,B,500
11:03:12,16.41,S,3063
11:03:12,16.41,S,1400
11:03:12,16.41,S,337
11:03:14,16.41,S,500
11:03:16,16.41,S,200
11:03:22,16.42,B,600
11:03:24,16.41,S,163
11:03:24,16.41,S,800
11:03:34,16.41,B,1000
11:03:54,16.4,S,500
11:04:02,16.41,B,2000
11:04:13,16.4,S,100
11:04:18,16.4,S,500
11:04:36,16.4,S,200
11:04:37,16.4,S,4000
11:04:39,16.41,B,8000
11:04:51,16.4,S,2500
11:05:01,16.4,S,500
11:05:05,16.41,B,1000
11:05:08,16.4,S,1500
11:05:08,16.4,S,200
11:05:11,16.4,S,7800
11:05:11,16.4,S,1000
11:05:11,16.4,S,100
11:05:11,16.4,S,500
11:05:20,16.4,B,600
11:05:20,16.4,B,200
11:05:30,16.4,B,800
11:05:38,16.4,S,200
11:05:38,16.39,S,9600
11:05:48,16.39,S,2200
11:05:48,16.38,S,800
11:05:56,16.39,B,200
11:05:56,16.4,B,100
11:05:57,16.4,S,2400
11:05:57,16.38,S,700
11:06:02,16.39,B,10000
11:06:12,16.39,S,400
11:06:21,16.39,B,600
11:06:26,16.39,B,1000
11:06:26,16.4,B,1000
11:06:33,16.39,S,3000
11:06:42,16.39,S,3000
11:06:58,16.4,B,3800
11:07:00,16.4,B,500
11:07:04,16.39,S,1000
11:07:15,16.39,S,3000
11:07:17,16.4,B,900
11:07:22,16.4,B,1400
11:07:30,16.39,S,1000
11:07:30,16.39,S,2100
11:07:30,16.4,B,1000
11:07:36,16.4,B,3600
11:07:44,16.39,S,3000
11:07:52,16.4,B,200
11:07:55,16.39,S,1000
11:07:59,16.39,S,500
11:08:03,16.39,S,200
11:08:06,16.39,S,3000
11:08:12,16.39,S,200
11:08:12,16.39,S,100
11:08:12,16.39,S,100
11:08:12,16.39,S,1100
11:08:12,16.4,B,12500
11:08:14,16.39,S,1500
11:08:28,16.39,S,100
11:08:43,16.4,B,4405
11:08:43,16.4,B,500
11:08:43,16.4,B,5000
11:08:43,16.4,B,200
11:08:43,16.4,B,200
11:08:43,16.4,B,200
11:08:43,16.4,B,1500
11:08:43,16.4,B,400
11:08:43,16.4,B,500
11:08:43,16.4,B,700
11:08:43,16.4,B,1500
11:08:43,16.4,B,1000
11:08:43,16.4,B,100
11:08:43,16.4,B,700
11:08:48,16.4,S,3000
11:08:53,16.4,S,400
11:08:56,16.4,S,1000
11:09:01,16.41,B,1037
11:09:01,16.41,B,2000
11:09:01,16.41,B,200
11:09:01,16.41,B,2000
11:09:01,16.41,B,1200
11:09:01,16.41,B,1000
11:09:01,16.41,B,100
11:09:01,16.41,B,500
11:09:01,16.41,B,100
11:09:01,16.41,B,400
11:09:01,16.41,B,200
11:09:01,16.41,B,500
11:09:01,16.41,B,2500
11:09:07,16.41,S,2000
11:09:12,16.41,S,3100
11:09:17,16.41,S,300
11:09:18,16.41,S,3000
11:09:27,16.41,S,200
11:09:32,16.41,S,100
11:09:36,16.41,S,10000
11:09:37,16.41,S,1963
11:09:37,16.41,S,1400
11:09:37,16.41,S,500
11:09:37,16.41,S,600
11:09:42,16.41,B,537
11:09:42,16.42,B,9400
11:09:42,16.42,B,800
11:09:42,16.42,B,2000
11:09:42,16.42,B,900
11:09:42,16.42,B,3000
11:09:42,16.42,B,500
11:09:42,16.42,B,400
11:09:42,16.42,B,500
11:09:42,16.42,B,200
11:09:42,16.42,B,600
11:09:42,16.42,B,200
11:09:42,16.42,B,1000
11:09:42,16.42,B,300
11:09:42,16.42,B,600
11:09:42,16.42,B,1500
11:09:42,16.42,B,300
11:09:42,16.42,B,500
11:09:42,16.42,B,1000
11:09:43,16.42,S,1100
11:09:44,16.42,S,500
11:09:44,16.43,B,1000
11:09:53,16.43,B,300
11:09:55,16.42,S,2000
11:09:56,16.42,S,3000
11:09:58,16.42,S,100
11:09:59,16.42,S,500
11:10:00,16.42,S,200
11:10:02,16.42,S,400
11:10:02,16.42,S,3000
11:10:05,16.42,S,500
11:10:12,16.43,B,2500
11:10:12,16.43,B,2500
11:10:15,16.42,S,500
11:10:17,16.43,B,200
11:10:18,16.43,B,1000
11:10:36,16.42,S,3100
11:10:43,16.42,S,100
11:10:47,16.43,B,100
11:10:48,16.42,S,663
11:10:54,16.42,B,37
11:10:54,16.43,B,863
11:10:56,16.41,S,3000
11:11:03,16.43,B,1200
11:11:08,16.43,B,200
11:11:14,16.42,S,500
11:11:14,16.41,S,2500
11:11:44,16.42,B,200
11:11:44,16.42,B,700
11:11:44,16.42,B,100
11:11:48,16.41,S,3000
11:11:58,16.41,S,3000
11:11:58,16.41,S,200
11:11:58,16.41,S,100
11:11:58,16.41,S,100
11:12:02,16.42,B,1200
11:12:07,16.41,S,1400
11:12:07,16.41,S,400
11:12:07,16.41,S,500
11:12:07,16.41,S,800
11:12:07,16.42,B,1000
11:12:08,16.42,B,700
11:12:11,16.41,S,3000
11:12:13,16.42,B,400
11:12:13,16.42,B,400
11:12:16,16.42,B,4100
11:12:18,16.41,S,1500
11:12:26,16.42,B,700
11:12:27,16.42,B,400
11:12:28,16.41,S,4100
11:12:28,16.41,S,6000
11:12:28,16.41,S,600
11:12:28,16.41,S,300
11:12:32,16.41,B,700
11:12:32,16.41,B,1000
11:12:34,16.4,S,3000
11:12:39,16.41,B,1000
11:12:51,16.4,S,100
11:12:52,16.41,B,500
11:12:53,16.41,B,200
11:12:55,16.41,B,300
11:12:57,16.41,B,900
11:13:00,16.41,B,1400
11:13:02,16.4,S,10395
11:13:02,16.4,S,20000
11:13:02,16.4,S,100
11:13:02,16.4,S,700
11:13:02,16.4,S,100
11:13:02,16.4,S,200
11:13:02,16.4,S,3000
11:13:02,16.4,S,100
11:13:02,16.4,S,400
11:13:02,16.4,S,5
11:13:05,16.41,B,600
11:13:10,16.4,S,195
11:13:10,16.4,S,1000
11:13:12,16.4,B,200
11:13:19,16.39,S,500
11:13:19,16.39,S,400
11:13:19,16.39,S,400
11:13:19,16.39,S,1700
11:13:20,16.4,B,605
11:13:20,16.4,B,400
11:13:20,16.4,B,795
11:13:27,16.39,S,3100
11:13:31,16.4,B,1000
11:13:39,16.4,B,800
11:13:45,16.4,B,200
11:13:45,16.4,B,1105
11:13:45,16.4,B,500
11:13:50,16.4,S,695
11:13:50,16.39,S,2305
11:14:11,16.41,B,1000
11:14:18,16.4,S,1000
11:14:18,16.4,S,500
11:14:18,16.4,S,1500
11:14:22,16.4,S,500
11:14:26,16.4,B,500
11:14:31,16.39,S,2895
11:14:31,16.39,S,105
11:14:43,16.4,B,1000
11:14:43,16.4,B,1900
11:14:43,16.4,B,1000
11:14:43,16.4,B,400
11:14:55,16.4,S,1000
11:15:00,16.4,S,200
11:15:00,16.41,B,800
11:15:00,16.41,B,1000
11:15:01,16.41,B,3000
11:15:06,16.41,B,10000
11:15:14,16.41,B,1600
11:15:14,16.4,S,3100
11:15:16,16.41,B,5000
11:15:16,16.41,B,800
11:15:17,16.41,S,3000
11:15:25,16.42,B,500
11:15:28,16.41,S,200
11:15:30,16.41,S,7800
11:15:30,16.41,S,400
11:15:30,16.41,S,1000
11:15:30,16.41,S,3000
11:15:30,16.41,S,300
11:15:30,16.41,S,200
11:15:30,16.41,B,1000
11:15:31,16.41,B,900
11:15:34,16.41,S,200
11:15:34,16.42,B,100
11:15:42,16.42,B,1400
11:15:42,16.42,B,500
11:15:42,16.42,B,2000
11:15:42,16.42,B,1100
11:15:43,16.42,B,900
11:15:43,16.42,B,100
11:15:49,16.42,B,1500
11:15:51,16.41,S,400
11:15:53,16.42,B,1000
11:15:58,16.41,S,200
11:16:15,16.41,S,400
11:16:15,16.41,S,1000
11:16:15,16.41,S,400
11:16:15,16.41,S,2000
11:16:15,16.41,S,2000
11:16:29,16.4,S,200
11:16:30,16.41,B,2000
11:16:31,16.41,B,700
11:16:31,16.41,B,500
11:16:35,16.41,B,4000
11:16:35,16.42,B,7400
11:16:35,16.42,B,500
11:16:35,16.42,B,400
11:16:35,16.42,B,500
11:16:35,16.42,B,500
11:16:35,16.42,B,300
11:16:35,16.42,B,1000
11:16:35,16.42,B,200
11:16:35,16.42,B,1000
11:16:35,16.42,B,200
11:16:35,16.42,B,100
11:16:58,16.42,S,3000
11:16:59,16.43,B,1000
11:17:09,16.42,S,900
11:17:09,16.42,S,1000
11:17:09,16.41,S,300
11:17:09,16.4,S,1200
11:17:09,16.4,S,1000
11:17:09,16.4,S,300
11:17:09,16.4,S,100
11:17:09,16.4,S,1000
11:17:09,16.4,S,2000
11:17:09,16.4,S,600
11:17:09,16.4,S,200
11:17:09,16.4,S,1800
11:17:09,16.4,S,1000
11:17:09,16.4,S,200
11:17:13,16.42,B,300
11:17:19,16.42,B,200
11:17:21,16.42,B,6300
11:17:27,16.42,B,1100
11:17:30,16.42,B,1800
11:17:30,16.42,B,600
11:17:30,16.43,B,237
11:17:30,16.43,B,100
11:17:30,16.43,B,700
11:17:30,16.43,B,500
11:17:30,16.43,B,1400
11:17:30,16.43,B,400
11:17:30,16.43,B,100
11:17:30,16.43,B,763
11:17:36,16.43,B,500
11:17:46,16.42,S,600
11:17:46,16.42,S,300
11:17:46,16.41,S,2000
11:17:46,16.4,S,200
11:17:51,16.42,S,400
11:17:51,16.4,S,100
11:17:51,16.4,S,2000
11:17:51,16.4,S,200
11:17:51,16.4,S,300
11:18:08,16.43,B,1300
11:18:15,16.42,S,1000
11:18:17,16.42,S,500
11:18:25,16.42,S,500
11:18:25,16.42,S,1000
11:18:25,16.4,S,1500
11:18:37,16.4,S,200
11:18:37,16.4,S,1000
11:18:37,16.4,S,1800
11:18:38,16.4,S,200
11:18:46,16.4,B,19800
11:18:46,16.4,B,200
11:19:02,16.4,B,900
11:19:02,16.4,B,7700
11:19:04,16.39,S,3100
11:19:05,16.39,S,300
11:19:09,16.4,B,12300
11:19:14,16.4,S,2000
11:19:20,16.4,S,600
11:19:20,16.4,S,3000
11:19:24,16.4,S,2100
11:19:24,16.4,S,300
11:19:24,16.39,S,500
11:19:36,16.41,B,100
11:19:39,16.4,S,77
11:19:42,16.4,S,923
11:19:42,16.39,S,2077
11:19:56,16.39,S,23
11:19:56,16.39,S,377
11:20:01,16.4,B,2000
11:20:03,16.4,S,3000
11:20:06,16.39,S,123
11:20:06,16.39,S,1000
11:20:06,16.39,S,3677
11:20:22,16.4,B,1000
11:20:32,16.39,S,123
11:20:32,16.39,S,300
11:20:32,16.39,S,2677
11:20:49,16.39,S,3000
11:20:58,16.4,B,100
11:21:04,16.4,B,200
11:21:05,16.39,S,14323
11:21:05,16.39,S,100
11:21:05,16.39,S,5000
11:21:05,16.39,S,577
11:21:06,16.39,S,300
11:21:21,16.4,B,100
11:21:25,16.4,B,1900
11:21:25,16.39,S,2300
11:21:27,16.39,S,1823
11:21:27,16.39,S,300
11:21:27,16.39,S,200
11:21:27,16.38,S,677
11:21:32,16.39,B,2000
11:21:35,16.38,S,3000
11:21:41,16.39,S,6100
11:21:41,16.38,S,18204
11:21:41,16.38,S,300
11:21:41,16.38,S,500
11:21:41,16.38,S,500
11:21:41,16.38,S,500
11:21:41,16.38,S,3896
11:21:58,16.4,B,1500
11:22:04,16.38,S,300
11:22:07,16.38,S,804
11:22:07,16.38,S,500
11:22:07,16.38,S,600
11:22:07,16.38,S,200
11:22:07,16.38,S,300
11:22:07,16.38,S,696
11:22:09,16.38,S,804
11:22:09,16.38,S,500
11:22:09,16.38,S,1000
11:22:09,16.38,S,500
11:22:24,16.38,B,7096
11:22:24,16.39,B,1000
11:22:26,16.38,S,2904
11:22:26,16.37,S,96
11:22:34,16.37,S,6904
11:22:34,16.37,S,800
11:22:34,16.37,S,600
11:22:34,16.37,S,200
11:22:39,16.37,B,196
11:22:39,16.38,B,804
11:22:48,16.38,B,100
11:22:51,16.37,S,3000
11:22:52,16.37,S,196
11:22:59,16.38,B,500
11:23:02,16.38,S,500
11:23:02,16.37,S,3104
11:23:02,16.37,S,396
11:23:02,16.37,S,1604
11:23:02,16.37,S,200
11:23:02,16.36,S,1196
11:23:26,16.38,S,200
11:23:28,16.38,B,300
11:23:28,16.39,B,500
11:23:28,16.39,B,500
11:23:28,16.39,B,100
11:23:28,16.39,B,200
11:23:42,16.37,S,3100
11:23:48,16.39,B,1000
11:23:52,16.39,B,800
11:23:52,16.39,B,500
11:23:53,16.39,S,3000
11:24:02,16.39,S,14100
11:24:05,16.39,S,10000
11:24:16,16.4,B,200
11:24:20,16.39,S,1600
11:24:20,16.39,S,1000
11:24:20,16.37,S,400
11:24:39,16.37,S,500
11:24:39,16.37,S,800
11:24:39,16.37,S,1700
11:24:53,16.39,B,6000
11:24:53,16.37,S,300
11:25:02,16.37,S,3100
11:25:03,16.37,S,1200
11:25:05,16.39,B,1000
11:25:13,16.38,S,3000
11:25:28,16.39,B,1000
11:25:47,16.38,S,600
11:25:50,16.38,S,2000
11:25:50,16.38,S,200
11:25:50,16.38,S,800
11:26:05,16.38,S,1000
11:26:06,16.38,S,200
11:26:06,16.38,S,2800
11:26:23,16.38,S,27200
11:26:23,16.38,S,1900
11:26:26,16.38,B,900
11:26:26,16.39,B,12000
11:26:26,16.39,B,300
11:26:26,16.39,B,500
11:26:26,16.39,B,100
11:26:26,16.39,B,100
11:26:26,16.39,B,2100
11:26:36,16.39,S,1000
11:26:36,16.39,S,2100
11:26:43,16.39,S,1800
11:26:49,16.39,S,700
11:26:49,16.39,S,200
11:26:49,16.39,S,100
11:26:55,16.4,B,100
11:27:04,16.39,S,1200
11:27:06,16.4,B,9900
11:27:06,16.4,B,100
11:27:06,16.4,B,200
11:27:06,16.4,B,800
11:27:06,16.4,B,4000
11:27:50,16.4,B,1000
11:27:50,16.4,B,700
11:27:52,16.4,B,300
11:27:52,16.4,B,200
11:27:58,16.4,B,100
11:27:58,16.4,B,500
11:27:58,16.4,B,400
11:27:59,16.39,S,3000
11:28:14,16.39,S,3000
11:28:16,16.39,S,2000
11:28:19,16.39,S,1500
11:28:26,16.4,B,200
11:28:26,16.4,B,800
11:28:26,16.4,B,1000
11:28:28,16.4,B,1000
11:28:28,16.39,S,4200
11:28:28,16.39,S,100
11:28:28,16.39,S,600
11:28:35,16.39,B,3000
11:28:39,16.38,S,1000
11:28:39,16.38,S,1000
11:28:39,16.38,S,1000
11:28:46,16.39,B,4000
11:28:53,16.39,B,500
11:29:10,16.38,S,3100
11:29:11,16.38,S,1000
11:29:21,16.39,B,200
11:29:22,16.39,B,200
11:29:33,16.38,S,3000
11:29:38,16.38,S,98
11:29:45,16.38,S,4002
11:29:45,16.37,S,8700
11:29:45,16.37,S,1000
11:29:45,16.37,S,5000
11:29:45,16.37,S,200
11:29:45,16.37,S,20000
11:29:45,16.37,S,3000
11:29:45,16.37,S,10000
11:29:53,16.36,S,3000
11:29:56,16.37,B,100
13:00:00,16.37,B,5500
13:00:02,16.37,B,1000
13:00:02,16.37,B,500
13:00:02,16.37,B,100
13:00:02,16.36,S,3000
13:00:03,16.37,B,500
13:00:04,16.37,S,500
13:00:04,16.37,S,4900
13:00:04,16.37,S,300
13:00:04,16.36,S,300
13:00:05,16.37,B,100
13:00:05,16.37,B,500
13:00:06,16.37,B,1400
13:00:06,16.38,B,100
13:00:07,16.37,S,500
13:00:12,16.37,S,100
13:00:18,16.37,S,300
13:00:23,16.37,S,1600
13:00:23,16.37,S,800
13:00:23,16.37,S,100
13:00:23,16.37,S,100
13:00:23,16.37,S,17400
13:00:23,16.37,S,2300
13:00:24,16.38,B,100
13:00:24,16.4,B,200
13:00:24,16.4,B,100
13:00:25,16.37,S,200
13:00:26,16.37,S,500
13:00:27,16.38,S,100
13:00:27,16.37,S,900
13:00:29,16.37,S,3100
13:00:29,16.37,S,100
13:00:29,16.37,S,400
13:00:30,16.37,S,25100
13:00:30,16.37,S,600
13:00:30,16.37,S,600
13:00:30,16.37,S,6000
13:00:30,16.37,S,600
13:00:30,16.37,S,20000
13:00:30,16.37,S,9100
13:00:30,16.37,S,100
13:00:30,16.37,S,2000
13:00:30,16.37,S,800
13:00:30,16.37,S,100
13:00:30,16.37,S,500
13:00:30,16.37,S,5000
13:00:30,16.37,S,200
13:00:30,16.37,S,1600
13:00:30,16.37,S,100
13:00:30,16.37,S,300
13:00:30,16.36,S,2500
13:00:30,16.36,S,500
13:00:30,16.36,S,2200
13:00:30,16.36,S,100
13:00:30,16.36,S,10000
13:00:30,16.36,S,100
13:00:30,16.36,B,600
13:00:31,16.36,B,3000
13:00:31,16.36,B,5000
13:00:32,16.36,B,200
13:00:37,16.36,B,3000
13:00:38,16.36,B,500
13:00:38,16.36,B,200
13:00:40,16.36,B,600
13:00:41,16.36,B,700
13:00:51,16.36,B,1300
13:00:54,16.36,B,45100
13:00:54,16.36,B,200
13:00:54,16.36,S,100
13:00:56,16.37,B,100
13:00:59,16.36,S,3000
13:01:03,16.36,S,1600
13:01:03,16.35,S,4000
13:01:03,16.35,S,4000
13:01:03,16.35,S,100
13:01:03,16.35,S,200
13:01:03,16.35,S,100
13:01:03,16.35,S,1000
13:01:03,16.35,S,4000
13:01:03,16.35,S,200
13:01:03,16.35,S,100
13:01:03,16.35,S,1000
13:01:03,16.35,S,100
13:01:03,16.35,S,100
13:01:03,16.35,S,300
13:01:03,16.35,S,200
13:01:12,16.34,S,13
13:01:12,16.34,S,1300
13:01:12,16.34,S,1687
13:01:18,16.35,B,1000
13:01:27,16.35,B,10000
13:01:34,16.34,S,500
13:01:38,16.35,B,8000
13:01:38,16.35,B,6200
13:01:38,16.35,B,100
13:01:39,16.34,S,1813
13:01:39,16.34,S,1187
13:01:41,16.35,B,5298
13:02:00,16.35,S,3100
13:02:03,16.35,S,2
13:02:03,16.35,S,200
13:02:03,16.35,S,200
13:02:03,16.35,S,500
13:02:03,16.35,S,162
13:02:07,16.35,S,338
13:02:07,16.35,S,100
13:02:07,16.35,S,800
13:02:07,16.35,S,100
13:02:09,16.34,S,1000
13:02:11,16.35,B,500
13:02:15,16.35,B,3700
13:02:16,16.34,S,3000
13:02:18,16.35,B,1500
13:02:33,16.35,B,2962
13:02:37,16.35,S,538
13:02:37,16.35,S,1000
13:02:37,16.35,S,700
13:02:37,16.34,S,762
13:02:39,16.34,S,351
13:02:39,16.34,S,300
13:02:39,16.34,S,2349
13:03:02,16.35,S,500
13:03:02,16.35,S,1400
13:03:05,16.35,S,3000
13:03:07,16.35,S,1600
13:03:07,16.35,S,100
13:03:07,16.35,S,800
13:03:07,16.35,S,600
13:03:23,16.35,S,1400
13:03:23,16.35,S,100
13:03:23,16.35,S,100
13:03:24,16.35,B,300
13:03:25,16.35,B,100
13:03:27,16.35,B,200
13:03:30,16.35,B,200
13:03:32,16.35,B,1200
13:03:33,16.35,B,2000
13:03:34,16.34,S,3000
13:03:40,16.35,B,1000
13:03:42,16.35,B,400
13:03:42,16.35,B,600
13:03:47,16.35,B,200
13:03:48,16.35,B,900
13:04:04,16.36,S,500
13:04:04,16.35,S,1600
13:04:04,16.35,S,200
13:04:04,16.35,S,500
13:04:04,16.35,S,100
13:04:04,16.34,S,100
13:04:16,16.37,B,100
13:04:16,16.37,B,200
13:04:18,16.35,S,1000
13:04:18,16.35,S,300
13:04:18,16.35,S,1100
13:04:18,16.35,S,600
13:04:21,16.37,B,1900
13:04:43,16.37,B,200
13:04:45,16.35,S,200
13:04:45,16.35,S,2600
13:04:45,16.35,S,300
13:04:49,16.37,B,1700
13:04:49,16.37,B,300
13:04:56,16.37,S,100
13:05:02,16.37,S,3000
13:05:04,16.39,B,400
13:05:26,16.37,S,4000
13:05:26,16.37,S,7600
13:05:28,16.37,S,2400
13:05:28,16.36,S,300
13:05:28,16.35,S,100
13:05:28,16.35,S,12000
13:05:28,16.35,S,1000
13:05:28,16.35,S,300
13:05:28,16.35,S,8000
13:05:28,16.35,S,300
13:05:28,16.34,S,3551
13:05:28,16.34,S,200
13:05:28,16.34,S,4600
13:05:28,16.34,S,500
13:05:28,16.34,S,1000
13:05:28,16.34,S,1300
13:05:28,16.34,S,500
13:05:28,16.34,S,300
13:05:28,16.34,S,200
13:05:28,16.34,S,800
13:05:28,16.34,S,100
13:05:28,16.34,S,200
13:05:28,16.34,S,100
13:05:28,16.33,S,9900
13:05:28,16.33,S,300
13:05:28,16.33,S,6200
13:05:28,16.33,S,500
13:05:28,16.33,S,300
13:05:28,16.33,S,2000
13:05:28,16.33,S,500
13:05:28,16.33,S,100
13:05:28,16.33,S,2600
13:05:32,16.33,B,500
13:05:33,16.33,B,500
13:05:35,16.33,B,200
13:05:40,16.32,S,2000
13:05:40,16.32,S,300
13:05:40,16.32,S,700
13:05:42,16.33,B,400
13:05:42,16.33,B,1000
13:05:44,16.32,S,300
13:05:44,16.32,S,100
13:05:44,16.32,S,1000
13:05:44,16.32,S,1000
13:05:44,16.31,S,200
13:05:44,16.31,S,300
13:05:44,16.31,S,100
13:05:48,16.33,B,2000
13:05:51,16.33,B,300
13:05:58,16.33,B,3000
13:05:58,16.32,S,1900
13:06:00,16.32,B,500
13:06:01,16.32,S,800
13:06:05,16.33,B,2000
13:06:07,16.33,B,700
13:06:08,16.33,B,3700
13:06:10,16.33,B,20042
13:06:18,16.33,S,2158
13:06:18,16.33,S,942
13:06:40,16.35,S,300
13:06:40,16.34,S,1000
13:06:40,16.33,S,1700
13:07:01,16.33,S,2858
13:07:01,16.33,S,142
13:07:21,16.37,B,4500
13:07:22,16.37,S,500
13:07:22,16.34,S,100
13:07:22,16.33,S,1558
13:07:22,16.33,S,500
13:07:22,16.33,S,342
13:07:33,16.37,S,200
13:07:33,16.37,S,400
13:07:35,16.37,S,100
13:07:43,16.37,S,300
13:07:44,16.33,S,558
13:07:44,16.33,S,500
13:07:44,16.33,S,2042
13:07:46,16.37,B,800
13:07:48,16.33,S,300
13:07:54,16.37,B,1000
13:08:21,16.37,B,200
13:08:26,16.35,S,200
13:08:39,16.37,B,4200
13:08:39,16.37,B,300
13:08:39,16.37,B,1000
13:08:39,16.37,B,2500
13:08:47,16.35,S,300
13:09:05,16.35,S,3000
13:09:06,16.36,B,1000
13:09:15,16.36,S,1000
13:09:18,16.36,S,500
13:09:18,16.37,B,500
13:09:37,16.36,S,2500
13:09:37,16.36,S,200
13:09:41,16.36,S,200
13:09:41,16.36,S,2800
13:09:48,16.36,S,1000
13:09:48,16.37,B,1000
13:09:50,16.37,B,800
13:09:50,16.37,B,1000
13:09:50,16.37,B,100
13:09:51,16.37,S,1000
13:09:52,16.37,S,500
13:09:52,16.36,S,3500
13:10:01,16.36,S,3000
13:10:03,16.36,S,1000
13:10:06,16.36,S,3100
13:10:08,16.38,B,2800
13:10:08,16.38,B,500
13:10:08,16.39,B,600
13:10:08,16.39,B,1000
13:10:08,16.39,B,1100
13:10:16,16.37,S,200
13:10:26,16.37,S,2500
13:10:26,16.37,S,1000
13:10:26,16.36,S,1500
13:10:26,16.35,S,300
13:10:26,16.35,S,300
13:10:26,16.34,S,1000
13:10:26,16.34,S,900
13:10:37,16.39,B,100
13:10:42,16.34,S,900
13:10:42,16.34,S,2100
13:10:48,16.36,B,1000
13:10:54,16.34,S,900
13:10:54,16.34,S,1000
13:10:54,16.33,S,158
13:10:54,16.33,S,600
13:10:54,16.33,S,342
13:11:04,16.34,B,14900
13:11:04,16.36,B,500
13:11:04,16.37,B,500
13:11:23,16.37,S,100
13:11:23,16.35,S,2000
13:11:23,16.34,S,900
13:11:25,16.39,B,700
13:11:25,16.39,B,300
13:11:42,16.36,S,500
13:11:46,16.35,S,100
13:11:46,16.34,S,1200
13:11:46,16.34,S,1800
13:12:09,16.34,S,3000
13:12:23,16.35,S,500
13:12:23,16.34,S,200
13:12:23,16.34,S,1300
13:12:31,16.34,S,1700
13:12:31,16.34,S,1300
13:12:32,16.34,S,4500
13:12:32,16.34,S,200
13:12:45,16.34,B,500
13:12:47,16.34,B,300
13:12:47,16.33,S,258
13:12:47,16.33,S,2600
13:12:47,16.33,S,142
13:12:55,16.34,B,100
13:12:57,16.34,B,300
13:13:01,16.34,B,1300
13:13:01,16.34,B,2800
13:13:10,16.34,S,3100
13:13:10,16.34,S,600
13:13:10,16.34,S,2100
13:13:10,16.33,S,400
13:13:12,16.33,S,1000
13:13:23,16.36,B,100
13:13:35,16.34,S,100
13:13:37,16.34,S,800
13:13:37,16.34,S,400
13:13:38,16.34,S,2600
13:13:38,16.34,S,300
13:13:38,16.33,S,100
13:13:42,16.36,B,100
13:13:45,16.34,B,500
13:13:45,16.36,B,1700
13:13:50,16.36,B,1500
13:13:54,16.35,S,1000
13:14:01,16.34,B,100
13:14:04,16.34,B,100
13:14:07,16.34,B,400
13:14:09,16.33,S,458
13:14:09,16.33,S,200
13:14:09,16.33,S,2342
13:14:18,16.33,S,500
13:14:20,16.34,B,1000
13:14:21,16.33,S,2158
13:14:21,16.33,S,842
13:14:26,16.33,S,300
13:14:26,16.34,B,700
13:14:33,16.34,B,100
13:14:35,16.33,S,58
13:14:35,16.33,S,142
13:14:36,16.33,S,858
13:14:36,16.33,S,1400
13:14:36,16.33,S,2100
13:14:36,16.33,S,642
13:14:37,16.33,S,458
13:14:37,16.33,S,500
13:14:37,16.33,S,1700
13:14:37,16.32,S,342
13:14:58,16.32,S,3100
13:15:06,16.32,S,1000
13:15:09,16.32,S,3000
13:15:09,16.33,B,100
13:15:18,16.32,S,3000
13:15:24,16.33,B,100
13:15:25,16.32,S,3000
13:15:33,16.33,B,100
13:15:35,16.33,B,300
13:15:35,16.33,B,900
13:15:36,16.33,B,4800
13:15:41,16.33,B,1700
13:15:41,16.33,B,1500
13:15:42,16.33,S,200
13:15:44,16.33,S,100
13:15:45,16.33,S,2000
13:15:53,16.33,S,4000
13:15:55,16.33,S,1000
13:16:03,16.33,S,600
13:16:03,16.33,S,100
13:16:03,16.33,S,1300
13:16:04,16.33,S,3000
13:16:08,16.33,S,3100
13:16:10,16.33,S,300
13:16:13,16.33,S,800
13:16:13,16.33,S,3600
13:16:18,16.34,B,1300
13:16:22,16.33,S,1000
13:16:31,16.34,B,100
13:16:32,16.34,B,3500
13:16:48,16.33,S,700
13:16:50,16.33,S,700
13:16:50,16.33,S,100
13:16:50,16.33,S,500
13:16:50,16.33,S,500
13:16:50,16.32,S,1200
13:16:54,16.34,B,1700
13:16:54,16.34,B,100
13:16:54,16.34,B,200
13:16:58,16.34,B,200
13:17:09,16.32,S,3000
13:17:13,16.32,S,1058
13:17:13,16.32,S,1000
13:17:13,16.32,S,942
13:17:18,16.32,S,2800
13:17:28,16.32,S,1200
13:17:30,16.33,B,1500
13:17:30,16.33,B,600
13:17:30,16.33,B,900
13:17:32,16.33,B,200
13:17:33,16.33,B,400
13:17:36,16.33,S,200
13:17:36,16.33,S,100
13:17:38,16.33,S,2000
13:17:47,16.33,S,300
13:17:47,16.32,S,2800
13:17:49,16.34,B,200
13:17:56,16.34,B,100
13:18:02,16.33,S,100
13:18:02,16.32,S,2258
13:18:02,16.32,S,500
13:18:02,16.32,S,142
13:18:08,16.33,B,200
13:18:08,16.33,B,1100
13:18:12,16.33,B,1700
13:18:12,16.34,B,400
13:18:12,16.34,B,200
13:18:26,16.32,S,58
13:18:26,16.32,S,2942
13:18:37,16.34,B,300
13:18:37,16.34,B,200
13:18:37,16.34,B,300
13:18:37,16.34,B,9700
13:18:38,16.34,B,100
13:18:41,16.34,B,10200
13:18:41,16.34,B,100
13:18:41,16.34,B,3200
13:18:41,16.34,B,5800
13:18:41,16.34,B,3800
13:18:41,16.34,B,400
13:18:54,16.34,B,1000
13:18:58,16.32,S,3000
13:19:03,16.34,B,300
13:19:03,16.34,B,100
13:19:03,16.34,B,400
13:19:03,16.34,B,100
13:19:04,16.34,B,2100
13:19:05,16.33,S,2000
13:19:15,16.34,B,900
13:19:30,16.35,B,3500
13:19:43,16.35,B,1200
13:19:58,16.35,B,100
13:20:15,16.34,S,2000
13:20:15,16.34,S,100
13:20:15,16.34,S,100
13:20:15,16.34,S,100
13:20:15,16.33,S,800
13:20:16,16.35,B,100
13:20:17,16.35,B,200
13:20:33,16.35,B,200
13:20:33,16.35,B,700
13:20:33,16.35,B,4700
13:20:36,16.35,B,300
13:20:36,16.35,B,300
13:20:43,16.35,S,600
13:20:43,16.33,S,200
13:20:43,16.33,S,1200
13:20:43,16.33,S,1000
13:21:09,16.35,S,1500
13:21:09,16.35,S,1500
13:21:11,16.35,S,500
13:21:18,16.35,B,100
13:21:19,16.35,S,200
13:21:24,16.34,S,400
13:21:27,16.34,S,3100
13:21:28,16.35,B,100
13:21:30,16.34,S,500
13:21:30,16.34,S,300
13:21:40,16.34,B,300
13:21:50,16.34,B,1400
13:21:52,16.33,S,3000
13:21:53,16.34,B,200
13:22:04,16.34,B,100
13:22:10,16.34,S,3000
13:22:10,16.34,S,6500
13:22:10,16.33,S,2500
13:22:12,16.33,S,1000
13:22:22,16.34,S,300
13:22:26,16.34,S,1100
13:22:26,16.33,S,1900
13:22:32,16.34,S,800
13:22:35,16.35,B,100
13:22:35,16.35,B,100
13:22:46,16.34,S,400
13:22:52,16.34,S,100
13:22:56,16.34,S,1500
13:23:01,16.34,S,3100
13:23:07,16.34,S,900
13:23:07,16.34,S,300
13:23:07,16.34,S,1800
13:23:15,16.35,B,100
13:23:19,16.34,S,2700
13:23:22,16.35,B,3800
13:23:22,16.35,B,500
13:23:31,16.35,S,100
13:23:41,16.35,S,200
13:23:52,16.36,B,100
13:24:06,16.36,B,100
13:24:12,16.36,B,500
13:24:21,16.35,S,100
13:24:29,16.36,B,400
13:24:29,16.36,B,1600
13:24:34,16.35,S,600
13:24:34,16.36,B,100
13:24:40,16.35,S,300
13:24:41,16.36,B,2400
13:24:44,16.36,B,300
13:24:44,16.36,B,1000
13:25:14,16.36,S,200
13:25:21,16.37,B,200
13:25:21,16.37,B,1000
13:25:30,16.37,S,500
13:25:30,16.37,S,100
13:25:30,16.37,S,1400
13:25:34,16.37,S,1200
13:25:39,16.37,S,1000
13:25:52,16.37,S,500
13:25:55,16.38,B,400
13:25:56,16.37,S,100
13:25:58,16.37,S,5800
13:25:58,16.37,S,400
13:25:58,16.37,S,2200
13:26:10,16.37,B,200
13:26:26,16.37,B,500
13:26:32,16.37,B,300
13:26:57,16.36,S,500
13:26:57,16.36,S,100
13:26:57,16.36,S,500
13:26:57,16.36,S,900
13:26:57,16.35,S,800
13:26:57,16.35,S,100
13:26:57,16.35,S,800
13:26:57,16.35,S,100
13:26:57,16.35,S,100
13:26:57,16.35,S,2100
13:26:57,16.35,S,200
13:26:57,16.35,S,1000
13:26:57,16.35,S,600
13:26:57,16.34,S,100
13:26:57,16.34,S,2000
13:26:57,16.33,S,600
13:26:57,16.33,S,1000
13:26:57,16.33,S,400
13:26:57,16.33,S,1000
13:26:57,16.33,S,1300
13:26:57,16.33,S,100
13:26:57,16.33,S,900
13:26:59,16.37,B,2200
13:27:20,16.33,S,2100
13:27:20,16.33,S,500
13:27:20,16.33,S,400
13:27:20,16.33,S,1000
13:27:20,16.33,S,2000
13:27:20,16.33,S,900
13:27:20,16.32,S,8200
13:27:23,16.37,B,200
13:27:25,16.37,B,7100
13:27:32,16.37,B,1500
13:27:43,16.33,S,100
13:27:43,16.33,S,600
13:27:43,16.32,S,7358
13:27:43,16.32,S,900
13:27:43,16.32,S,6242
13:28:15,16.32,S,3758
13:28:15,16.32,S,2000
13:28:15,16.32,S,200
13:28:15,16.32,S,1000
13:28:15,16.32,S,100
13:28:15,16.32,S,800
13:28:15,16.32,S,100
13:28:15,16.32,S,1000
13:28:15,16.32,S,400
13:28:15,16.31,S,5742
13:28:32,16.31,S,3000
13:28:32,16.37,B,100
13:28:33,16.31,S,5758
13:28:33,16.31,S,1200
13:28:33,16.31,S,1000
13:28:33,16.31,S,400
13:28:33,16.31,S,500
13:28:33,16.31,S,6342
13:28:41,16.31,S,500
13:28:42,16.31,S,300
13:28:46,16.31,S,600
13:28:48,16.32,B,1000
13:28:48,16.32,S,1000
13:28:48,16.31,S,2258
13:28:48,16.31,S,200
13:28:48,16.31,S,300
13:28:48,16.31,S,200
13:28:51,16.3,S,572
13:28:55,16.3,S,1428
13:28:55,16.3,S,600
13:28:55,16.3,S,200
13:28:55,16.3,S,700
13:28:55,16.3,S,1000
13:28:55,16.3,S,1600
13:28:55,16.3,S,1000
13:28:55,16.3,S,100
13:28:55,16.3,S,300
13:28:55,16.3,S,200
13:28:55,16.3,S,300
13:28:55,16.3,S,200
13:28:55,16.3,S,200
13:28:55,16.3,S,900
13:28:55,16.3,S,100
13:28:55,16.3,S,1200
13:28:55,16.3,S,5072
13:28:57,16.31,B,100
13:28:58,16.31,B,942
13:28:58,16.31,B,2000
13:29:01,16.32,S,2358
13:29:01,16.31,B,642
13:29:02,16.31,S,2000
13:29:03,16.31,S,5000
13:29:12,16.31,S,1300
13:29:13,16.31,S,658
13:29:13,16.31,S,2000
13:29:13,16.31,S,300
13:29:13,16.31,S,100
13:29:13,16.3,S,9828
13:29:13,16.3,S,1000
13:29:13,16.3,S,800
13:29:13,16.3,S,514
13:29:16,16.31,B,1300
13:29:16,16.32,B,300
13:29:16,16.32,B,400
13:29:16,16.36,B,2600
13:29:18,16.31,S,500
13:29:18,16.3,S,686
13:29:18,16.3,S,300
13:29:18,16.3,S,200
13:29:18,16.3,S,100
13:29:18,16.3,S,500
13:29:18,16.3,S,1000
13:29:18,16.3,S,1000
13:29:18,16.3,S,100
13:29:18,16.3,S,100
13:29:18,16.3,S,700
13:29:18,16.3,S,300
13:29:18,16.3,S,3000
13:29:18,16.3,S,700
13:29:18,16.3,S,100
13:29:18,16.3,S,100
13:29:18,16.3,S,200
13:29:18,16.3,S,1000
13:29:18,16.3,S,200
13:29:18,16.3,S,1200
13:29:18,16.3,S,100
13:29:18,16.3,S,100
13:29:18,16.29,S,27
13:29:18,16.3,B,1300
13:29:21,16.3,B,500
13:29:21,16.3,B,214
13:29:22,16.31,S,1000
13:29:35,16.36,B,1000
13:29:36,16.32,S,500
13:29:40,16.32,S,600
13:29:40,16.31,S,400
13:29:41,16.31,S,3386
13:29:41,16.31,S,300
13:29:41,16.3,S,9700
13:29:41,16.3,S,100
13:29:41,16.3,S,1000
13:29:41,16.29,S,614
13:29:59,16.29,S,359
13:29:59,16.29,S,300
13:29:59,16.29,S,500
13:29:59,16.29,S,400
13:29:59,16.28,S,500
13:29:59,16.28,S,500
13:29:59,16.28,S,500
13:29:59,16.28,S,2800
13:29:59,16.28,S,100
13:29:59,16.28,S,600
13:29:59,16.28,S,2000
13:29:59,16.26,S,1000
13:29:59,16.26,S,500
13:29:59,16.26,S,1000
13:29:59,16.25,S,500
13:29:59,16.25,S,300
13:29:59,16.25,S,300
13:29:59,16.25,S,600
13:29:59,16.25,S,2441
13:30:04,16.29,B,100
13:30:04,16.3,S,400
13:30:18,16.25,S,600
13:30:22,16.29,B,500
13:30:27,16.29,B,900
13:30:28,16.25,S,600
13:30:29,16.25,S,4859
13:30:29,16.25,S,200
13:30:29,16.25,S,1000
13:30:29,16.25,S,600
13:30:29,16.25,S,500
13:30:29,16.23,S,300
13:30:29,16.23,S,400
13:30:29,16.23,S,1600
13:30:29,16.22,S,200
13:30:29,16.21,S,1200
13:30:29,16.21,S,1000
13:30:29,16.21,S,500
13:30:29,16.21,S,200
13:30:29,16.21,S,1000
13:30:29,16.21,S,200
13:30:29,16.21,S,800
13:30:29,16.21,S,200
13:30:29,16.21,S,341
13:30:29,16.21,S,459
13:30:29,16.2,S,200
13:30:29,16.2,S,741
13:30:36,16.25,B,200
13:30:43,16.22,S,400
13:30:44,16.25,B,200
13:30:48,16.22,S,100
13:30:55,16.25,B,500
13:30:58,16.22,S,2500
13:30:58,16.22,S,500
13:31:08,16.25,B,100
13:31:08,16.25,B,1
13:31:08,16.25,B,199
13:31:10,16.23,S,1000
13:31:10,16.25,B,601
13:31:10,16.25,B,1200
13:31:14,16.28,B,100
13:31:14,16.29,B,2800
13:31:19,16.25,S,500
13:31:22,16.25,S,299
13:31:22,16.25,S,800
13:31:36,16.23,S,500
13:31:49,16.24,S,1000
13:31:50,16.25,B,400
13:31:52,16.24,S,700
13:31:53,16.24,S,300
13:31:53,16.23,S,200
13:32:04,16.25,B,800
13:32:05,16.24,B,500
13:32:07,16.24,B,1100
13:32:10,16.23,S,500
13:32:10,16.23,S,500
13:32:10,16.23,S,1000
13:32:10,16.23,S,1000
13:32:10,16.23,S,1400
13:32:10,16.23,S,1000
13:32:10,16.23,S,8200
13:32:10,16.23,S,300
13:32:10,16.22,S,1300
13:32:16,16.24,B,300
13:32:20,16.23,S,500
13:32:20,16.23,S,500
13:32:20,16.23,S,1000
13:32:26,16.23,B,6500
13:32:26,16.24,B,100
13:32:26,16.25,B,3400
13:32:34,16.22,S,8200
13:32:34,16.22,S,800
13:32:34,16.22,S,1000
13:32:34,16.22,S,100
13:32:34,16.22,S,200
13:32:34,16.22,S,1000
13:32:34,16.21,S,1500
13:32:34,16.21,S,1000
13:32:34,16.21,S,500
13:32:34,16.21,S,800
13:32:39,16.24,S,100
13:32:41,16.25,B,3600
13:32:50,16.25,B,400
13:32:52,16.24,S,300
13:32:52,16.24,S,200
13:32:52,16.23,S,1600
13:32:52,16.22,S,900
13:33:02,16.22,S,400
13:33:02,16.22,S,600
13:33:02,16.22,S,1600
13:33:07,16.21,S,5700
13:33:07,16.21,S,2000
13:33:07,16.21,S,1000
13:33:07,16.21,S,1500
13:33:07,16.21,S,800
13:33:07,16.21,S,100
13:33:07,16.21,S,100
13:33:07,16.21,S,100
13:33:07,16.21,S,2000
13:33:07,16.2,S,1900
13:33:08,16.22,B,3900
13:33:13,16.22,S,6100
13:33:13,16.22,S,3000
13:33:13,16.2,S,6000
13:33:19,16.25,B,301
13:33:19,16.25,B,99
13:33:35,16.22,S,300
13:33:35,16.22,S,1000
13:33:35,16.22,S,200
13:33:35,16.21,S,500
13:33:35,16.21,S,3100
13:33:35,16.2,S,1359
13:33:35,16.2,S,500
13:33:35,16.2,S,1000
13:33:35,16.2,S,100
13:33:35,16.2,S,500
13:33:35,16.2,S,2000
13:33:35,16.2,S,900
13:33:35,16.2,S,1000
13:33:35,16.2,S,2600
13:33:35,16.2,S,141
13:33:44,16.25,B,301
13:33:44,16.25,B,199
13:33:53,16.24,B,300
13:33:53,16.25,B,201
13:33:53,16.25,B,1000
13:33:53,16.25,B,700
13:33:53,16.25,B,1000
13:33:53,16.25,B,1000
13:33:53,16.25,B,2000
13:33:55,16.25,S,1000
13:34:00,16.25,S,800
13:34:03,16.25,S,600
13:34:05,16.25,S,1399
13:34:05,16.22,S,200
13:34:05,16.22,S,400
13:34:05,16.21,S,1200
13:34:05,16.21,S,100
13:34:05,16.21,S,1400
13:34:05,16.21,S,1000
13:34:05,16.2,S,359
13:34:05,16.2,S,200
13:34:05,16.2,S,200
13:34:05,16.2,S,1000
13:34:05,16.2,S,100
13:34:05,16.2,S,1000
13:34:05,16.2,S,100
13:34:05,16.2,S,1000
13:34:05,16.2,S,3000
13:34:05,16.2,S,2442
13:34:16,16.25,B,200
13:34:22,16.25,S,1300
13:34:22,16.21,S,1000
13:34:22,16.21,S,1000
13:34:22,16.21,S,2000
13:34:22,16.2,S,2558
13:34:22,16.2,S,100
13:34:22,16.2,S,2300
13:34:22,16.2,S,400
13:34:22,16.2,S,100
13:34:22,16.2,S,4442
13:34:37,16.25,S,700
13:34:37,16.21,S,900
13:34:37,16.21,S,200
13:34:37,16.21,S,1000
13:34:37,16.21,S,300
13:34:37,16.2,S,558
13:34:37,16.2,S,100
13:34:37,16.2,S,1000
13:34:37,16.2,S,500
13:34:37,16.2,S,200
13:34:37,16.2,S,1000
13:34:37,16.2,S,500
13:34:37,16.2,S,300
13:34:37,16.2,S,300
13:34:37,16.2,S,5000
13:34:37,16.2,S,900
13:34:37,16.2,S,500
13:34:37,16.2,S,1000
13:34:37,16.19,S,142
13:34:44,16.25,S,100
13:34:46,16.25,S,100
13:34:50,16.21,B,1000
13:34:52,16.2,S,300
13:35:03,16.21,B,900
13:35:03,16.21,B,1100
13:35:06,16.21,B,100
13:35:09,16.21,S,4900
13:35:09,16.21,S,10000
13:35:09,16.2,S,300
13:35:14,16.21,S,300
13:35:14,16.21,S,100
13:35:14,16.2,S,500
13:35:22,16.21,S,200
13:35:28,16.21,S,300
13:35:31,16.21,S,1500
13:35:31,16.21,S,2000
13:35:31,16.21,S,600
13:35:31,16.21,S,900
13:35:39,16.21,S,200
13:35:39,16.21,S,800
13:35:39,16.21,S,500
13:35:39,16.21,S,6000
13:35:39,16.21,S,1000
13:35:39,16.2,S,100
13:35:39,16.2,S,500
13:35:39,16.2,S,800
13:35:39,16.2,S,700
13:35:39,16.2,S,200
13:35:39,16.2,S,4300
13:35:46,16.24,B,100
13:35:47,16.21,S,200
13:35:47,16.21,S,200
13:35:47,16.21,S,500
13:35:47,16.2,S,200
13:35:47,16.2,S,300
13:35:47,16.24,B,700
13:35:47,16.25,B,100
13:35:47,16.25,B,1000
13:35:47,16.25,B,2800
13:35:47,16.25,B,100
13:35:47,16.25,B,700
13:35:47,16.25,B,600
13:35:52,16.24,S,1300
13:35:56,16.24,S,500
13:35:59,16.24,S,1800
13:36:03,16.23,B,200
13:36:03,16.24,S,1800
13:36:09,16.24,S,200
13:36:21,16.25,B,1000
13:36:25,16.24,S,500
13:36:30,16.25,B,400
13:36:43,16.25,S,1000
13:36:47,16.25,S,700
13:36:52,16.26,B,4000
13:36:52,16.26,B,500
13:37:14,16.26,S,500
13:37:17,16.27,B,300
13:37:17,16.26,S,600
13:37:18,16.26,S,300
13:37:18,16.26,S,100
13:37:18,16.26,S,300
13:37:18,16.26,S,1300
13:37:18,16.25,S,7900
13:37:18,16.25,S,500
13:37:18,16.25,S,2000
13:37:18,16.25,S,1000
13:37:18,16.24,S,1800
13:37:20,16.27,B,200
13:37:20,16.27,B,1800
13:37:29,16.25,S,5000
13:37:29,16.24,S,200
13:37:29,16.24,S,500
13:37:32,16.24,B,800
13:37:33,16.24,B,700
13:37:40,16.22,S,2000
13:37:40,16.22,S,1000
13:37:40,16.22,S,100
13:37:40,16.22,S,1000
13:37:40,16.22,S,3000
13:37:40,16.22,S,700
13:37:40,16.21,S,7300
13:37:56,16.24,B,300
13:37:57,16.24,B,500
13:38:00,16.23,S,1000
13:38:00,16.22,S,700
13:38:00,16.22,S,1300
13:38:02,16.22,S,600
13:38:10,16.24,B,2000
13:38:13,16.23,S,300
13:38:18,16.24,B,15600
13:38:22,16.24,S,1000
13:38:22,16.23,S,1700
13:38:22,16.22,S,1300
13:38:22,16.22,S,500
13:38:22,16.22,S,600
13:38:22,16.22,S,5600
13:38:22,16.22,S,500
13:38:22,16.22,S,1000
13:38:22,16.21,S,2700
13:38:22,16.21,S,300
13:38:33,16.24,S,300
13:38:47,16.24,S,9700
13:38:47,16.22,S,1000
13:38:47,16.22,S,500
13:38:47,16.22,S,300
13:38:47,16.22,S,3600
13:39:02,16.25,S,10000
13:39:02,16.23,S,200
13:39:02,16.23,S,1000
13:39:02,16.22,S,1500
13:39:02,16.22,S,1500
13:39:02,16.22,S,1000
13:39:12,16.23,S,800
13:39:12,16.22,S,700
13:39:12,16.22,S,500
13:39:12,16.22,S,3200
13:39:12,16.22,S,1000
13:39:12,16.21,S,1700
13:39:12,16.21,S,2000
13:39:12,16.21,S,5200
13:39:19,16.25,B,500
13:39:33,16.22,S,1000
13:39:33,16.22,S,600
13:39:33,16.21,S,13600
13:39:33,16.21,S,600
13:39:34,16.25,B,700
13:39:42,16.24,B,3000
13:39:51,16.23,S,500
13:39:51,16.23,S,200
13:39:51,16.22,S,500
13:39:51,16.22,S,1000
13:39:51,16.21,S,12900
13:40:16,16.24,B,500
13:40:20,16.22,S,300
13:40:23,16.24,B,500
13:40:23,16.24,B,1200
13:40:33,16.24,S,800
13:40:33,16.24,S,700
13:40:33,16.22,S,1500
13:40:33,16.22,S,8600
13:40:33,16.22,S,3600
13:40:35,16.23,B,400
13:40:37,16.24,S,2600
13:40:37,16.22,S,9700
13:40:37,16.22,S,300
13:40:37,16.21,S,2500
13:40:55,16.24,B,300
13:40:55,16.24,B,100
13:40:57,16.24,B,700
13:41:05,16.24,B,1200
13:41:05,16.24,B,800
13:41:05,16.22,S,100
13:41:05,16.21,S,1200
13:41:11,16.22,B,208
13:41:12,16.22,S,92
13:41:12,16.21,S,108
13:41:16,16.21,S,3892
13:41:16,16.21,S,6000
13:41:16,16.21,S,300
13:41:16,16.21,S,1000
13:41:16,16.21,S,3400
13:41:16,16.21,S,100
13:41:16,16.21,S,500
13:41:16,16.21,S,2000
13:41:16,16.21,S,2208
13:41:21,16.24,B,200
13:41:21,16.24,B,500
13:41:21,16.24,B,300
13:41:22,16.24,B,4700
13:41:45,16.24,S,800
13:42:20,16.22,S,3000
13:42:21,16.24,B,500
13:42:21,16.25,B,800
13:42:21,16.25,B,1000
13:42:23,16.22,S,3000
13:42:23,16.22,S,600
13:42:23,16.22,S,3000
13:42:23,16.22,S,300
13:42:27,16.25,B,1000
13:42:27,16.25,B,100
13:42:27,16.25,B,700
13:42:35,16.25,S,900
13:42:43,16.24,S,400
13:42:43,16.22,S,2700
13:42:43,16.22,S,200
13:42:43,16.21,S,292
13:42:43,16.21,S,2000
13:42:43,16.21,S,1000
13:42:43,16.21,S,1000
13:42:43,16.21,S,2000
13:42:43,16.21,S,200
13:42:43,16.21,S,200
13:42:43,16.21,S,5208
13:42:51,16.22,S,4500
13:42:51,16.22,S,1000
13:42:51,16.21,S,4792
13:42:51,16.21,S,400
13:42:51,16.21,S,4408
13:43:19,16.24,S,100
13:43:25,16.24,S,3700
13:43:25,16.23,S,1400
13:43:25,16.22,S,1000
13:43:25,16.21,S,2592
13:43:25,16.21,S,1000
13:43:25,16.21,S,600
13:43:25,16.21,S,1200
13:43:25,16.21,S,1000
13:43:25,16.21,S,500
13:43:25,16.2,S,700
13:43:25,16.2,S,300
13:43:25,16.2,S,1208
13:43:42,16.21,S,1700
13:43:42,16.21,S,7300
13:43:42,16.21,S,500
13:43:42,16.21,S,5600
13:43:50,16.21,S,600
13:43:53,16.21,S,3800
13:43:53,16.2,S,1992
13:43:53,16.2,S,10000
13:43:53,16.2,S,20000
13:43:53,16.2,S,10000
13:43:53,16.2,S,500
13:43:53,16.2,S,500
13:43:53,16.2,S,900
13:43:53,16.2,S,500
13:43:53,16.2,S,500
13:43:53,16.2,S,1200
13:43:53,16.2,S,1000
13:43:53,16.2,S,1000
13:43:53,16.2,S,200
13:43:53,16.2,S,2400
13:43:53,16.2,S,300
13:43:53,16.2,S,100
13:43:53,16.2,S,2400
13:43:53,16.2,S,800
13:43:53,16.2,S,200
13:43:56,16.2,B,500
13:43:59,16.2,B,1000
13:43:59,16.2,B,200
13:44:00,16.2,B,2000
13:44:01,16.2,B,1000
13:44:02,16.2,B,100
13:44:04,16.2,B,1000
13:44:06,16.2,B,100
13:44:08,16.2,B,300
13:44:11,16.2,B,3700
13:44:13,16.2,B,1808
13:44:15,16.21,B,100
13:44:15,16.21,B,900
13:44:20,16.2,S,8192
13:44:20,16.2,S,1000
13:44:20,16.2,S,1000
13:44:20,16.2,S,1000
13:44:20,16.2,S,4008
13:44:22,16.2,S,100
13:44:26,16.2,S,1100
13:44:36,16.2,S,3892
13:44:36,16.2,S,200
13:44:36,16.2,S,500
13:44:36,16.2,S,3000
13:44:36,16.2,S,3000
13:44:36,16.19,S,4508
13:44:44,16.2,S,1300
13:44:44,16.2,S,300
13:44:44,16.2,S,1200
13:44:44,16.2,S,1000
13:44:47,16.2,B,100
13:44:49,16.2,B,100
13:44:52,16.2,B,1000
13:44:55,16.2,B,2000
13:45:00,16.19,S,5050
13:45:00,16.19,S,100
13:45:00,16.19,S,100
13:45:00,16.19,S,1000
13:45:00,16.19,S,800
13:45:00,16.19,S,2000
13:45:00,16.19,S,400
13:45:00,16.19,S,500
13:45:00,16.19,S,1000
13:45:00,16.19,S,4250
13:45:04,16.2,B,900
13:45:13,16.2,B,300
13:45:19,16.19,S,300
13:45:20,16.2,B,500
13:45:22,16.2,B,5200
13:45:27,16.19,S,10000
13:45:31,16.2,B,6100
13:45:31,16.2,B,2700
13:45:31,16.2,B,700
13:45:33,16.2,S,100
13:45:33,16.19,S,15000
13:45:45,16.2,S,100
13:45:54,16.2,S,500
13:46:03,16.2,S,2000
13:46:03,16.23,B,200
13:46:03,16.24,B,2000
13:46:04,16.25,B,100
13:46:18,16.24,S,200
13:46:27,16.24,S,300
13:46:35,16.24,S,100
13:46:37,16.25,B,1000
13:46:37,16.25,B,1000
13:46:38,16.24,S,200
13:46:53,16.24,B,100
13:46:53,16.24,B,600
13:46:53,16.24,B,2000
13:46:57,16.25,B,200
13:47:04,16.25,B,600
13:47:09,16.24,S,1500
13:47:21,16.25,B,100
13:47:28,16.24,S,100
13:47:38,16.24,S,400
13:47:41,16.24,S,300
13:47:41,16.24,S,1900
13:47:48,16.24,S,100
13:47:48,16.23,S,1200
13:47:48,16.21,S,1700
13:47:56,16.24,S,1000
13:47:58,16.24,B,3800
13:48:13,16.21,S,3300
13:48:13,16.21,S,4300
13:48:40,16.21,S,1200
13:48:40,16.21,S,600
13:48:50,16.23,B,400
13:48:51,16.21,S,5000
13:48:51,16.21,S,700
13:48:51,16.21,S,300
13:48:51,16.21,S,100
13:48:51,16.2,S,1000
13:48:51,16.2,S,100
13:48:51,16.2,S,100
13:48:51,16.2,S,400
13:49:04,16.23,B,300
13:49:10,16.21,S,7600
13:49:12,16.23,B,1000
13:49:16,16.21,S,5000
13:49:16,16.21,S,2900
13:49:28,16.21,S,1100
13:49:31,16.21,S,3400
13:49:31,16.21,S,500
13:49:31,16.21,S,1000
13:49:31,16.21,S,500
13:49:31,16.2,S,300
13:49:31,16.2,S,1000
13:49:31,16.2,S,1000
13:49:32,16.2,S,400
13:49:32,16.2,S,1000
13:49:32,16.2,S,200
13:49:40,16.21,S,100
13:49:44,16.21,S,200
13:49:44,16.21,S,400
13:49:44,16.21,S,300
13:49:45,16.21,S,100
13:49:47,16.2,S,300
13:49:47,16.2,S,2000
13:49:47,16.2,S,100
13:49:47,16.2,S,2000
13:49:47,16.2,S,500
13:49:47,16.2,S,800
13:49:47,16.2,S,300
13:49:47,16.2,S,1000
13:49:47,16.2,S,600
13:49:49,16.21,B,500
13:49:54,16.21,B,700
13:50:00,16.21,B,500
13:50:03,16.21,B,500
13:50:09,16.21,B,500
13:50:10,16.21,B,400
13:50:10,16.21,B,100
13:50:10,16.21,B,1000
13:50:15,16.2,S,100
13:50:15,16.2,S,900
13:50:19,16.21,B,1000
13:50:21,16.21,B,900
13:50:23,16.21,S,1000
13:50:23,16.2,S,100
13:50:23,16.2,S,700
13:50:23,16.2,S,3000
13:50:23,16.2,S,200
13:50:23,16.2,S,2600
13:50:24,16.2,S,1700
13:50:24,16.2,S,1000
13:50:46,16.21,S,4000
13:50:46,16.2,S,100
13:50:46,16.2,S,200
13:50:46,16.2,S,1000
13:50:46,16.2,S,2400
13:50:50,16.2,S,3000
13:50:50,16.2,S,100
13:50:50,16.2,S,200
13:50:50,16.19,S,450
13:50:50,16.19,S,200
13:50:50,16.19,S,500
13:50:50,16.19,S,200
13:50:50,16.19,S,200
13:50:50,16.19,S,200
13:50:50,16.19,S,100
13:50:50,16.19,S,2450
13:50:50,16.2,B,500
13:50:50,16.21,B,100
13:50:50,16.22,B,700
13:50:51,16.22,S,1500
13:50:56,16.22,S,2100
13:51:01,16.23,B,2000
13:51:11,16.22,S,100
13:51:11,16.22,S,5800
13:51:19,16.22,S,3200
13:51:19,16.2,S,200
13:51:19,16.2,S,300
13:51:19,16.2,S,3100
13:51:19,16.2,S,700
13:51:19,16.2,S,100
13:51:24,16.23,B,500
13:51:31,16.22,B,200
13:51:31,16.23,B,800
13:51:45,16.22,B,100
13:51:49,16.22,S,900
13:51:49,16.21,S,6800
13:52:04,16.21,S,3200
13:52:04,16.21,S,6800
13:52:04,16.23,B,2000
13:52:12,16.21,S,500
13:52:16,16.22,S,600
13:52:16,16.21,S,2700
13:52:16,16.21,S,2500
13:52:16,16.21,S,1000
13:52:16,16.2,S,800
13:52:24,16.22,S,400
13:52:24,16.21,S,700
13:52:27,16.21,S,4300
13:52:27,16.2,S,3400
13:52:41,16.23,B,500
13:52:59,16.22,B,100
13:53:02,16.22,B,400
13:53:02,16.23,B,3900
13:53:02,16.23,B,1000
13:53:02,16.23,B,300
13:53:03,16.23,B,300
13:53:04,16.21,S,300
13:53:04,16.21,S,700
13:53:04,16.21,S,3500
13:53:04,16.22,S,500
13:53:04,16.21,S,6400
13:53:04,16.21,S,700
13:53:06,16.21,S,1300
13:53:06,16.21,S,700
13:53:06,16.21,S,300
13:53:06,16.21,S,300
13:53:06,16.21,S,1400
13:53:13,16.23,B,200
13:53:13,16.23,B,500
13:53:13,16.23,B,3000
13:53:13,16.23,B,600
13:53:13,16.23,B,700
13:53:14,16.22,S,3000
13:53:14,16.21,S,3600
13:53:14,16.21,S,1000
13:53:15,16.23,B,2300
13:53:20,16.23,S,500
13:53:40,16.23,S,1200
13:53:40,16.23,S,1000
13:53:40,16.22,S,500
13:53:40,16.22,S,1300
13:53:40,16.22,S,3700
13:53:40,16.21,S,4000
13:54:04,16.23,B,100
13:54:04,16.23,B,200
13:54:06,16.23,B,100
13:54:18,16.22,S,3000
13:54:18,16.22,S,4600
13:54:25,16.23,B,300
13:54:40,16.24,B,45200
13:54:40,16.24,B,1500
13:54:40,16.24,B,2000
13:54:40,16.24,B,600
13:54:40,16.25,B,700
13:54:43,16.23,S,200
13:54:43,16.23,S,200
13:54:43,16.23,S,400
13:54:43,16.22,S,400
13:54:43,16.22,S,100
13:54:43,16.22,S,100
13:54:43,16.22,S,1000
13:54:43,16.22,S,500
13:54:43,16.22,S,3000
13:54:43,16.22,S,500
13:54:43,16.22,S,1000
13:54:43,16.22,S,200
13:54:49,16.23,S,600
13:54:49,16.23,S,2000
13:54:49,16.23,S,200
13:54:49,16.22,S,300
13:54:49,16.22,S,4600
13:54:49,16.22,S,500
13:54:56,16.24,B,3100
13:54:56,16.25,B,1900
13:55:07,16.23,S,100
13:55:08,16.23,S,100
13:55:08,16.22,S,4900
13:55:14,16.23,B,200
13:55:14,16.25,B,500
13:55:14,16.25,B,900
13:55:14,16.25,B,8600
13:55:15,16.25,B,100
13:55:26,16.23,S,800
13:55:26,16.22,S,6800
13:55:45,16.24,S,400
13:55:45,16.23,S,800
13:55:45,16.23,S,2000
13:55:45,16.23,S,1000
13:55:45,16.23,S,1100
13:55:45,16.22,S,2400
13:55:48,16.25,B,100
13:55:48,16.25,B,100
13:55:52,16.25,B,2700
13:55:52,16.25,B,1200
13:55:52,16.25,B,200
13:55:52,16.25,B,200
13:55:52,16.25,B,500
13:55:52,16.25,B,200
13:55:54,16.23,S,800
13:55:55,16.23,S,1200
13:55:55,16.22,S,800
13:55:55,16.22,S,2000
13:55:55,16.22,S,1000
13:55:58,16.25,B,1400
13:55:58,16.23,S,100
13:56:07,16.25,B,400
13:56:27,16.25,S,500
13:56:27,16.25,S,1000
13:56:27,16.25,S,500
13:56:27,16.25,B,200
13:56:27,16.26,B,500
13:56:27,16.26,B,200
13:56:29,16.26,S,400
13:56:32,16.23,S,100
13:56:33,16.25,B,100
13:56:33,16.25,B,100
13:56:47,16.25,B,400
13:56:47,16.25,B,200
13:57:02,16.25,B,300
13:57:03,16.25,B,500
13:57:05,16.25,B,200
13:57:09,16.24,S,600
13:57:10,16.25,B,2200
13:57:10,16.24,S,200
13:57:10,16.23,S,800
13:57:10,16.23,S,2000
13:57:10,16.23,S,400
13:57:10,16.23,S,4300
13:57:14,16.25,B,200
13:57:18,16.25,B,300
13:57:21,16.25,B,200
13:57:23,16.24,S,200
13:57:25,16.24,S,500
13:57:26,16.24,S,600
13:57:27,16.25,B,1000
13:57:27,16.25,B,1000
13:57:29,16.25,B,300
13:57:35,16.25,B,800
13:57:44,16.25,B,100
13:57:46,16.25,B,2300
13:57:48,16.24,S,100
13:57:48,16.24,S,3000
13:57:48,16.23,S,4000
13:57:48,16.22,S,500
13:57:53,16.25,B,600
13:57:53,16.25,B,100
13:58:06,16.24,B,700
13:58:12,16.23,S,1400
13:58:12,16.22,S,500
13:58:12,16.22,S,400
13:58:12,16.22,S,200
13:58:12,16.22,S,300
13:58:12,16.22,S,4900
13:58:28,16.23,S,6300
13:58:28,16.22,S,600
13:58:28,16.22,S,700
13:58:30,16.24,B,300
13:58:50,16.24,S,1000
13:58:50,16.22,S,900
13:58:50,16.22,S,2000
13:58:50,16.21,S,1000
13:58:50,16.21,S,1000
13:58:50,16.21,S,1000
13:58:50,16.21,S,700
13:58:59,16.25,B,400
13:58:59,16.25,B,200
13:59:02,16.22,S,7700
13:59:03,16.24,S,500
13:59:09,16.24,B,500
13:59:09,16.25,B,100
13:59:10,16.25,B,500
13:59:11,16.25,B,200
13:59:35,16.25,S,300
13:59:35,16.25,S,700
13:59:35,16.25,S,500
13:59:35,16.25,S,2300
13:59:35,16.25,S,500
13:59:35,16.23,S,400
13:59:35,16.23,S,1000
13:59:35,16.22,S,300
13:59:35,16.22,S,800
13:59:35,16.22,S,400
13:59:35,16.22,S,400
14:00:01,16.26,B,300
14:00:01,16.24,S,300
14:00:01,16.24,S,200
14:00:01,16.24,S,1000
14:00:01,16.23,S,1000
14:00:01,16.22,S,2000
14:00:01,16.22,S,2000
14:00:01,16.22,S,200
14:00:01,16.21,S,500
14:00:01,16.21,S,200
14:00:01,16.21,S,200
14:00:06,16.22,S,4200
14:00:06,16.21,S,300
14:00:06,16.21,S,600
14:00:06,16.21,S,300
14:00:06,16.21,S,500
14:00:06,16.2,S,700
14:00:06,16.2,S,1100
14:00:08,16.25,B,200
14:00:08,16.25,B,1000
14:00:11,16.25,B,600
14:00:26,16.25,B,1000
14:00:29,16.25,B,1000
14:00:41,16.24,S,1000
14:00:41,16.2,S,900
14:00:41,16.2,S,5700
14:00:55,16.2,S,4300
14:00:55,16.2,S,400
14:00:55,16.2,S,500
14:00:55,16.2,S,300
14:00:55,16.2,S,200
14:00:55,16.2,S,200
14:00:55,16.2,S,1800
14:00:57,16.2,S,800
14:01:09,16.21,S,1500
14:01:10,16.24,B,100
14:01:24,16.21,S,2900
14:01:24,16.21,S,100
14:01:24,16.2,S,4100
14:01:24,16.2,S,300
14:01:24,16.2,S,200
14:01:30,16.21,S,200
14:01:41,16.2,S,200
14:01:41,16.2,S,1000
14:01:41,16.2,S,1300
14:01:49,16.2,S,700
14:01:49,16.2,S,1200
14:01:49,16.2,S,700
14:01:49,16.2,S,100
14:01:49,16.2,S,2000
14:01:49,16.2,S,200
14:01:49,16.2,S,10000
14:01:49,16.2,S,600
14:01:49,16.2,S,100
14:01:49,16.2,S,200
14:01:49,16.2,S,500
14:01:49,16.2,S,500
14:01:49,16.2,S,2000
14:01:49,16.2,S,100
14:01:49,16.2,S,100
14:01:49,16.2,S,1000
14:01:49,16.2,S,2000
14:01:49,16.2,S,500
14:01:49,16.2,S,600
14:01:49,16.2,S,800
14:01:49,16.2,S,200
14:01:49,16.2,S,200
14:01:49,16.2,S,200
14:01:49,16.2,S,1000
14:01:49,16.2,S,10000
14:01:49,16.2,S,100
14:01:50,16.19,S,2000
14:01:51,16.19,S,3550
14:01:51,16.19,S,1000
14:01:51,16.19,S,3000
14:01:51,16.19,S,50
14:01:56,16.2,B,4400
14:02:09,16.2,S,400
