Time,Price,BuySell,Volume
09:25:01,8.74,B,71
09:25:01,8.74,S,2300
09:25:01,8.74,S,500
09:25:01,8.74,S,59
09:25:01,8.74,S,242
09:25:01,8.74,B,100
09:25:01,8.74,B,15
09:25:01,8.74,S,300
09:25:01,8.74,S,600
09:25:01,8.74,S,600
09:25:01,8.74,S,213
09:25:01,8.74,S,2000
09:25:01,8.74,S,1787
09:25:01,8.74,S,513
09:25:01,8.74,S,300
09:25:01,8.74,S,100
09:25:01,8.74,S,2000
09:25:01,8.74,S,1087
09:25:01,8.74,S,1200
09:25:01,8.74,S,1200
09:25:01,8.74,B,400
09:25:01,8.74,B,3500
09:25:01,8.74,B,3800
09:25:01,8.74,S,700
09:25:01,8.74,S,1200
09:25:01,8.74,S,1200
09:25:01,8.74,S,1200
09:25:01,8.74,S,1513
09:25:01,8.74,S,2400
09:25:01,8.74,S,100
09:25:01,8.74,S,1587
09:25:01,8.74,B,1000
09:25:01,8.74,B,413
09:25:01,8.74,B,1000
09:25:01,8.74,B,587
09:25:01,8.74,S,19413
09:25:01,8.74,S,587
09:25:01,8.74,S,1813
09:25:01,8.74,S,200
09:25:01,8.74,S,1000
09:25:01,8.74,S,1300
09:25:01,8.74,B,100
09:25:01,8.74,B,587
09:25:01,8.74,S,413
09:25:01,8.74,S,30000
09:25:01,8.74,B,300
09:25:01,8.74,S,100
09:25:01,8.74,S,200
09:25:01,8.74,S,1200
09:25:01,8.74,S,5000
09:25:01,8.74,S,2000
09:25:01,8.74,S,1000
09:25:01,8.74,S,2000
09:25:01,8.74,S,500
09:25:01,8.74,S,2000
09:25:01,8.74,S,1000
09:25:01,8.74,S,1000
09:25:01,8.74,S,400
09:25:01,8.74,S,5000
09:25:01,8.74,S,1000
09:25:01,8.74,B,1000
09:25:01,8.74,B,1100
09:25:01,8.74,B,500
09:25:01,8.74,S,900
09:25:01,8.74,S,100
09:25:01,8.74,S,2000
09:25:01,8.74,S,9900
09:25:01,8.74,S,3100
09:25:01,8.74,S,2000
09:25:01,8.74,S,100
09:25:01,8.74,S,5400
09:25:01,8.74,S,1700
09:25:01,8.74,S,500
09:25:01,8.74,S,100
09:25:01,8.74,S,6000
09:25:01,8.74,S,200
09:25:01,8.74,S,500
09:25:01,8.74,S,600
09:25:01,8.74,S,1000
09:25:01,8.74,S,2900
09:25:01,8.74,S,2100
09:25:01,8.74,S,1100
09:25:01,8.74,S,4000
09:25:01,8.74,S,87
09:25:01,8.74,B,400
09:25:01,8.74,B,11513
09:25:01,8.74,B,500
09:25:01,8.74,B,200
09:25:01,8.74,B,100
09:25:01,8.74,B,1000
09:25:01,8.74,B,200
09:25:01,8.74,B,1000
09:25:01,8.74,B,1000
09:25:01,8.74,B,100
09:25:01,8.74,B,4500
09:25:01,8.74,B,300
09:25:01,8.74,B,2000
09:25:01,8.74,B,900
09:25:01,8.74,B,100
09:25:01,8.74,B,100
09:25:01,8.74,B,400
09:25:01,8.74,B,200
09:25:01,8.74,B,500
09:25:01,8.74,B,100
09:25:01,8.74,B,1000
09:25:01,8.74,B,1200
09:25:01,8.74,B,2000
09:25:01,8.74,B,300
09:25:01,8.74,B,400
09:25:01,8.74,B,1200
09:25:01,8.74,B,100
09:25:01,8.74,B,100
09:25:01,8.74,B,400
09:25:01,8.74,B,500
09:25:01,8.74,B,700
09:25:01,8.74,B,100
09:25:01,8.74,B,200
09:25:01,8.74,B,1100
09:25:01,8.74,B,200
09:25:01,8.74,B,1000
09:25:01,8.74,B,2700
09:25:01,8.74,B,300
09:25:01,8.74,B,300
09:25:01,8.74,B,300
09:25:01,8.74,B,2000
09:25:01,8.74,B,1000
09:25:01,8.74,B,1100
09:25:01,8.74,B,1800
09:25:01,8.74,B,200
09:25:01,8.74,B,2100
09:25:01,8.74,B,500
09:25:01,8.74,B,500
09:25:01,8.74,B,2000
09:25:01,8.74,B,5000
09:25:01,8.74,B,2000
09:25:01,8.74,B,500
09:25:01,8.74,B,1000
09:25:01,8.74,B,300
09:25:01,8.74,B,1087
09:25:01,8.74,B,1500
09:25:01,8.74,B,36200
09:25:01,8.74,B,4200
09:25:01,8.74,B,200
09:25:01,8.74,B,5000
09:25:01,8.74,S,1500
09:25:01,8.74,B,313
09:25:01,8.74,B,1687
09:25:01,8.74,B,2000
09:25:01,8.74,B,500
09:25:01,8.74,B,200
09:25:01,8.74,B,100
09:25:01,8.74,B,813
09:25:01,8.74,S,500
09:25:01,8.74,S,700
09:25:01,8.74,S,2500
09:25:01,8.74,S,87
09:25:01,8.74,S,13
09:25:01,8.74,S,300
09:25:01,8.74,S,1000
09:25:01,8.74,S,300
09:25:01,8.74,S,200
09:25:01,8.74,S,500
09:25:01,8.74,S,5000
09:25:01,8.74,S,887
09:25:01,8.74,S,1000
09:25:01,8.74,S,13
09:25:01,8.74,S,87
09:25:01,8.74,B,13
09:25:01,8.74,B,5987
09:25:01,8.74,B,100
09:25:01,8.74,B,5000
09:25:01,8.74,B,900
09:25:01,8.74,B,200
09:25:01,8.74,B,1000
09:25:01,8.74,B,6813
09:25:01,8.74,B,100
09:25:01,8.74,B,200
09:25:01,8.74,B,500
09:25:01,8.74,B,500
09:25:01,8.74,B,1000
09:25:01,8.74,B,100
09:25:01,8.74,B,87
09:25:01,8.74,B,513
09:25:01,8.74,B,500
09:25:01,8.74,B,1000
09:25:01,8.74,B,100
09:25:01,8.74,B,200
09:25:01,8.74,B,100
09:25:01,8.74,B,500
09:25:01,8.74,B,100
09:25:01,8.74,B,200
09:25:01,8.74,B,1000
09:25:01,8.74,B,600
09:25:01,8.74,B,1100
09:25:01,8.74,B,300
09:25:01,8.74,B,100
09:25:01,8.74,B,600
09:25:01,8.74,B,200
09:25:01,8.74,B,500
09:25:01,8.74,B,4000
09:25:01,8.74,B,600
09:25:01,8.74,B,100
09:25:01,8.74,B,500
09:25:01,8.74,B,200
09:25:01,8.74,B,787
09:25:01,8.74,B,100
09:25:01,8.74,B,1400
09:25:01,8.74,B,200
09:25:01,8.74,B,513
09:25:01,8.74,B,787
09:25:01,8.74,B,1300
09:25:01,8.74,B,25
09:25:01,8.74,B,688
09:25:01,8.74,B,200
09:25:01,8.74,B,12
09:25:01,8.74,B,4000
09:25:01,8.74,B,988
09:25:01,8.74,B,3100
09:25:01,8.74,B,100
09:25:01,8.74,B,1000
09:25:01,8.74,B,500
09:25:01,8.74,B,200
09:25:01,8.74,B,312
09:25:01,8.74,B,688
09:25:01,8.74,B,9312
09:25:01,8.74,B,4100
09:25:01,8.74,B,800
09:25:01,8.74,B,8688
09:25:01,8.74,B,1800
09:25:01,8.74,B,400
09:25:01,8.74,B,2000
09:25:01,8.74,B,200
09:25:01,8.74,B,300
09:25:01,8.74,B,31312
09:25:01,8.74,B,1000
09:25:01,8.74,B,1000
09:25:01,8.74,B,10000
09:25:01,8.74,B,100
09:25:01,8.74,B,1700
09:25:01,8.74,B,1000
09:25:01,8.74,B,500
09:25:01,8.74,B,3388
09:25:01,8.74,B,2700
09:25:01,8.74,B,13912
09:25:01,8.74,B,500
09:25:01,8.74,B,100
09:25:01,8.74,B,200
09:25:01,8.74,B,800
09:25:01,8.74,B,500
09:25:01,8.74,B,400
09:25:01,8.74,B,1000
09:25:01,8.74,B,100
09:25:01,8.74,B,100
09:25:01,8.74,B,100
09:25:01,8.74,S,500
09:25:01,8.74,S,500
09:25:01,8.74,S,1000
09:25:01,8.74,S,288
09:25:01,8.74,S,2300
09:25:01,8.74,S,500
09:25:01,8.74,S,100
09:25:01,8.74,S,500
09:25:01,8.74,S,500
09:25:01,8.74,S,200
09:25:01,8.74,S,100
09:25:01,8.74,S,200
09:25:01,8.74,S,2000
09:25:01,8.74,S,500
09:25:01,8.74,S,500
09:25:01,8.74,S,500
09:25:01,8.74,S,1200
09:25:01,8.74,S,612
09:25:01,8.74,S,100
09:25:01,8.74,S,1288
09:25:01,8.74,S,500
09:25:01,8.74,S,1212
09:25:01,8.74,S,1788
09:25:01,8.74,S,100
09:25:01,8.74,S,300
09:25:01,8.74,S,200
09:25:01,8.74,S,2000
09:25:01,8.74,S,1000
09:25:01,8.74,B,2612
09:25:01,8.74,S,7000
09:25:01,8.74,S,388
09:25:01,8.74,S,612
09:25:01,8.74,S,400
09:25:01,8.74,S,1788
09:25:01,8.74,S,1000
09:25:01,8.74,S,500
09:25:01,8.74,S,300
09:25:01,8.74,S,2300
09:25:01,8.74,S,112
09:25:01,8.74,S,2500
09:25:01,8.74,S,300
09:25:01,8.74,S,900
09:25:01,8.74,S,1188
09:25:01,8.74,S,1012
09:25:01,8.74,S,1000
09:25:01,8.74,S,100
09:25:01,8.74,S,3700
09:25:01,8.74,S,100
09:25:01,8.74,S,188
09:25:01,8.74,S,400
09:25:01,8.74,S,300
09:25:01,8.74,S,100
09:25:01,8.74,S,100
09:25:01,8.74,S,200
09:25:01,8.74,S,1300
09:25:01,8.74,S,500
09:25:01,8.74,S,200
09:25:01,8.74,S,500
09:25:01,8.74,S,5000
09:25:01,8.74,S,1000
09:25:01,8.74,S,112
09:25:01,8.74,S,200
09:25:01,8.74,S,300
09:25:01,8.74,S,388
09:25:01,8.74,S,3512
09:25:01,8.74,S,100
09:25:01,8.74,S,5000
09:25:01,8.74,S,200
09:25:01,8.74,S,18200
09:25:01,8.74,S,700
09:25:01,8.74,S,1500
09:25:01,8.74,S,1300
09:25:01,8.74,S,6000
09:25:01,8.74,S,100
09:25:01,8.74,S,1400
09:25:01,8.74,S,1200
09:25:01,8.74,S,1000
09:25:01,8.74,S,6600
09:25:01,8.74,S,13088
09:25:01,8.74,S,500
09:25:01,8.74,S,400
09:25:01,8.74,S,1100
09:25:01,8.74,S,1800
09:25:01,8.74,S,1100
09:25:01,8.74,S,200
09:25:01,8.74,S,312
09:25:01,8.74,S,788
09:25:01,8.74,S,212
09:25:01,8.74,S,3000
09:25:01,8.74,S,1788
09:25:01,8.74,S,6000
09:25:01,8.74,S,500
09:25:01,8.74,S,1900
09:25:01,8.74,S,100
09:25:01,8.74,S,2000
09:25:01,8.74,S,2100
09:25:01,8.74,S,300
09:25:01,8.74,S,800
09:25:01,8.74,S,400
09:25:01,8.74,S,100
09:25:01,8.74,S,600
09:25:01,8.74,S,1500
09:25:01,8.74,S,1000
09:25:01,8.74,S,8400
09:25:01,8.74,S,500
09:25:01,8.74,S,100
09:25:01,8.74,S,1000
09:25:01,8.74,S,100
09:25:01,8.74,S,500
09:25:01,8.74,S,2000
09:25:01,8.74,S,3200
09:25:01,8.74,S,500
09:25:01,8.74,S,5000
09:25:01,8.74,S,2000
09:25:01,8.74,S,3000
09:25:01,8.74,S,200
09:25:01,8.74,S,4412
09:25:01,8.74,S,600
09:25:01,8.74,S,700
09:25:01,8.74,S,1200
09:25:01,8.74,S,400
09:25:01,8.74,S,2000
09:25:01,8.74,S,688
09:25:01,8.74,S,312
09:25:01,8.74,S,288
09:25:01,8.74,S,1200
09:25:01,8.74,S,512
09:25:01,8.74,S,100
09:25:01,8.74,S,188
09:25:01,8.74,S,1000
09:25:01,8.74,S,800
09:25:01,8.74,S,1000
09:25:01,8.74,S,12
09:25:01,8.74,S,300
09:25:01,8.74,S,688
09:25:01,8.74,S,700
09:25:01,8.74,S,2000
09:25:01,8.74,S,612
09:25:01,8.74,S,388
09:25:01,8.74,S,112
09:25:01,8.74,S,888
09:25:01,8.74,S,200
09:25:01,8.74,S,912
09:25:01,8.74,S,188
09:25:01,8.74,S,500
09:25:01,8.74,S,5000
09:25:01,8.74,S,200
09:25:01,8.74,S,500
09:25:01,8.74,S,2000
09:25:01,8.74,S,100
09:25:01,8.74,S,2512
09:25:01,8.74,S,100
09:25:01,8.74,S,388
09:25:01,8.74,S,12
09:25:01,8.74,S,488
09:25:01,8.74,S,500
09:25:01,8.74,S,600
09:25:01,8.74,S,200
09:25:01,8.74,S,4712
09:25:01,8.74,S,200
09:25:01,8.74,S,300
09:25:01,8.74,S,400
09:25:01,8.74,S,600
09:25:01,8.74,S,13788
09:25:01,8.74,S,1000
09:25:01,8.74,S,600
09:25:01,8.74,S,600
09:25:01,8.74,S,9000
09:25:01,8.74,S,3000
09:25:01,8.74,S,500
09:25:01,8.74,S,3000
09:25:01,8.74,S,2300
09:25:01,8.74,S,24712
09:25:01,8.74,S,288
09:25:01,8.74,S,100
09:25:01,8.74,S,100
09:25:01,8.74,S,12
09:25:01,8.74,S,100
09:25:01,8.74,S,100
09:25:01,8.74,S,2600
09:25:01,8.74,S,188
09:25:01,8.74,S,300
09:25:01,8.74,S,2512
09:25:01,8.74,S,600
09:30:00,8.75,B,100
09:30:00,8.75,B,1000
09:30:00,8.75,B,500
09:30:00,8.75,B,2000
09:30:00,8.75,B,100
09:30:00,8.75,B,200
09:30:00,8.75,B,200
09:30:00,8.75,B,3000
09:30:00,8.75,B,10000
09:30:00,8.76,B,200
09:30:00,8.76,B,2700
09:30:00,8.76,B,1300
09:30:00,8.76,B,500
09:30:00,8.76,B,10000
09:30:00,8.76,B,200
09:30:00,8.74,S,888
09:30:00,8.74,S,2000
09:30:00,8.74,S,2112
09:30:02,8.74,S,600
09:30:02,8.74,S,1000
09:30:02,8.74,S,3288
09:30:02,8.74,S,300
09:30:02,8.74,S,200
09:30:02,8.74,S,300
09:30:02,8.74,S,300
09:30:02,8.74,S,100
09:30:02,8.74,S,200
09:30:02,8.74,S,5000
09:30:02,8.74,S,200
09:30:02,8.74,S,1000
09:30:02,8.74,S,100
09:30:02,8.74,S,100
09:30:02,8.74,S,10000
09:30:02,8.74,S,300
09:30:02,8.74,S,3612
09:30:02,8.76,B,100
09:30:02,8.74,S,1000
09:30:02,8.75,S,500
09:30:02,8.74,S,388
09:30:02,8.74,S,400
09:30:02,8.73,S,1200
09:30:02,8.73,S,200
09:30:02,8.73,S,2000
09:30:02,8.73,S,312
09:30:02,8.74,B,100
09:30:02,8.74,B,500
09:30:02,8.74,S,1100
09:30:02,8.74,S,1900
09:30:02,8.73,S,1688
09:30:02,8.73,S,100
09:30:02,8.73,S,1312
09:30:02,8.75,S,400
09:30:03,8.75,S,2600
09:30:03,8.75,S,1900
09:30:03,8.75,S,1000
09:30:03,8.75,S,1900
09:30:03,8.75,S,1800
09:30:03,8.75,S,200
09:30:03,8.77,B,200
09:30:03,8.75,S,800
09:30:03,8.75,S,600
09:30:03,8.76,S,1000
09:30:03,8.75,S,200
09:30:03,8.75,S,3000
09:30:03,8.75,S,1600
09:30:03,8.75,S,5000
09:30:03,8.75,S,400
09:30:03,8.75,S,1400
09:30:03,8.75,S,2000
09:30:03,8.75,S,400
09:30:03,8.77,B,100
09:30:03,8.77,B,1200
09:30:03,8.77,B,2900
09:30:03,8.75,S,200
09:30:03,8.75,S,100
09:30:03,8.75,S,500
09:30:03,8.75,S,800
09:30:03,8.75,S,200
09:30:03,8.75,S,500
09:30:04,8.76,S,500
09:30:04,8.76,S,1500
09:30:04,8.75,S,300
09:30:04,8.75,S,700
09:30:04,8.75,S,100
09:30:04,8.75,S,600
09:30:04,8.75,S,1000
09:30:04,8.75,S,2000
09:30:04,8.75,S,500
09:30:04,8.75,S,100
09:30:04,8.75,S,100
09:30:04,8.75,S,500
09:30:04,8.75,S,1000
09:30:04,8.75,S,1500
09:30:04,8.75,S,200
09:30:04,8.75,S,300
09:30:04,8.75,S,900
09:30:04,8.77,B,1000
09:30:04,8.77,B,500
09:30:04,8.75,S,100
09:30:04,8.75,S,1000
09:30:04,8.75,S,900
09:30:04,8.75,S,300
09:30:04,8.74,S,1600
09:30:04,8.74,S,400
09:30:04,8.74,S,800
09:30:04,8.75,S,200
09:30:04,8.75,S,400
09:30:04,8.77,B,5600
09:30:04,8.78,B,1000
09:30:04,8.78,B,2000
09:30:04,8.77,S,700
09:30:04,8.77,S,2000
09:30:04,8.77,S,5500
09:30:04,8.76,S,3000
09:30:04,8.75,S,500
09:30:04,8.75,S,1600
09:30:04,8.75,S,100
09:30:04,8.75,S,1000
09:30:04,8.75,S,200
09:30:04,8.74,S,2200
09:30:04,8.74,S,200
09:30:04,8.74,S,500
09:30:04,8.74,S,700
09:30:04,8.74,S,100
09:30:04,8.74,S,1700
09:30:04,8.74,S,1000
09:30:04,8.74,S,700
09:30:04,8.74,S,500
09:30:04,8.74,S,5000
09:30:04,8.74,S,100
09:30:04,8.74,S,2400
09:30:04,8.76,S,1900
09:30:04,8.75,S,600
09:30:04,8.75,S,1000
09:30:04,8.75,S,2100
09:30:04,8.75,S,500
09:30:04,8.75,S,100
09:30:04,8.78,B,2500
09:30:04,8.75,S,300
09:30:04,8.75,S,100
09:30:04,8.75,S,700
09:30:04,8.75,S,500
09:30:04,8.75,S,1000
09:30:04,8.75,S,200
09:30:04,8.77,S,200
09:30:05,8.77,S,500
09:30:05,8.77,S,1000
09:30:05,8.77,S,300
09:30:05,8.76,S,1700
09:30:05,8.76,S,1300
09:30:05,8.76,S,1000
09:30:05,8.76,S,5000
09:30:05,8.76,S,1300
09:30:05,8.76,S,9700
09:30:05,8.75,S,100
09:30:05,8.75,S,2200
09:30:05,8.75,S,300
09:30:05,8.75,S,700
09:30:05,8.75,S,100
09:30:05,8.75,S,200
09:30:05,8.75,S,800
09:30:05,8.75,S,2200
09:30:05,8.75,S,100
09:30:05,8.75,S,1400
09:30:05,8.75,S,500
09:30:05,8.75,S,4500
09:30:06,8.76,S,10000
09:30:06,8.76,S,300
09:30:06,8.76,S,100
09:30:06,8.76,S,2000
09:30:06,8.76,S,21100
09:30:06,8.76,S,1600
09:30:07,8.76,S,1500
09:30:07,8.78,B,5500
09:30:07,8.78,B,100
09:30:07,8.78,B,2000
09:30:07,8.78,B,500
09:30:07,8.78,B,2000
09:30:07,8.78,S,200
09:30:07,8.78,S,1000
09:30:07,8.79,B,800
09:30:08,8.78,S,1000
09:30:08,8.78,S,5000
09:30:08,8.79,B,200
09:30:08,8.79,B,300
09:30:08,8.79,B,2000
09:30:08,8.79,B,10000
09:30:08,8.79,B,2400
09:30:08,8.79,B,1000
09:30:08,8.79,B,2000
09:30:08,8.8,B,1400
09:30:08,8.78,S,7000
09:30:09,8.78,S,3900
09:30:09,8.78,S,1400
09:30:09,8.78,S,600
09:30:09,8.78,S,100
09:30:09,8.78,S,500
09:30:09,8.78,S,100
09:30:09,8.78,S,1500
09:30:09,8.78,S,500
09:30:09,8.78,S,1000
09:30:09,8.78,S,1700
09:30:09,8.78,S,300
09:30:09,8.78,S,1000
09:30:10,8.78,S,100
09:30:10,8.78,S,9600
09:30:10,8.78,S,300
09:30:10,8.78,S,1500
09:30:10,8.78,S,1600
09:30:10,8.78,S,1900
09:30:11,8.78,S,1000
09:30:12,8.78,S,7100
09:30:12,8.78,S,1900
09:30:12,8.78,S,2300
09:30:12,8.78,S,2000
09:30:12,8.78,S,1300
09:30:12,8.78,S,1000
09:30:13,8.78,S,1500
09:30:13,8.77,S,500
09:30:14,8.77,S,9100
09:30:14,8.77,S,46700
09:30:14,8.77,S,800
09:30:14,8.78,B,2000
09:30:14,8.77,S,100
09:30:14,8.77,S,100
09:30:14,8.78,B,1000
09:30:15,8.77,S,2000
09:30:16,8.77,S,300
09:30:16,8.76,S,4700
09:30:16,8.76,S,1400
09:30:17,8.76,S,3000
09:30:17,8.76,S,200
09:30:18,8.78,B,5600
09:30:19,8.76,S,1600
09:30:19,8.76,S,800
09:30:19,8.77,B,200
09:30:19,8.78,B,2700
09:30:20,8.78,B,500
09:30:21,8.78,B,5500
09:30:21,8.78,B,10000
09:30:22,8.78,B,500
09:30:25,8.78,B,1200
09:30:25,8.77,S,1400
09:30:25,8.77,S,600
09:30:25,8.77,S,300
09:30:25,8.76,S,1600
09:30:26,8.78,B,2800
09:30:26,8.76,S,1000
09:30:26,8.78,B,200
09:30:26,8.79,B,1000
09:30:26,8.79,B,500
09:30:26,8.8,B,300
09:30:26,8.8,B,800
09:30:27,8.78,S,500
09:30:29,8.78,S,1500
09:30:29,8.78,S,600
09:30:29,8.78,S,1000
09:30:29,8.78,S,3000
09:30:29,8.78,S,400
09:30:29,8.77,S,5000
09:30:29,8.77,S,300
09:30:29,8.77,S,1000
09:30:30,8.77,B,800
09:30:30,8.77,B,3500
09:30:30,8.76,S,100
09:30:31,8.76,S,145100
09:30:31,8.77,B,700
09:30:31,8.77,B,13300
09:30:31,8.77,B,2300
09:30:31,8.77,B,50000
09:30:31,8.77,B,1300
09:30:32,8.77,B,200
09:30:33,8.77,B,20000
09:30:33,8.77,B,1700
09:30:33,8.77,B,1800
09:30:34,8.77,B,600
09:30:34,8.77,B,1000
09:30:34,8.77,B,100
09:30:34,8.77,B,3000
09:30:34,8.77,B,3000
09:30:35,8.77,B,1000
09:30:35,8.77,B,1000
09:30:35,8.76,S,3900
09:30:35,8.76,S,6100
09:30:36,8.76,S,5900
09:30:36,8.76,S,3000
09:30:36,8.76,S,1000
09:30:36,8.76,S,100
09:30:36,8.77,B,3000
09:30:37,8.77,B,100
09:30:37,8.77,B,600
09:30:37,8.77,B,500
09:30:37,8.77,B,200
09:30:38,8.77,B,1000
09:30:38,8.77,B,600
09:30:38,8.77,B,100
09:30:38,8.77,B,300
09:30:38,8.76,S,500
09:30:38,8.77,B,10000
09:30:38,8.77,B,1000
09:30:38,8.77,B,600
09:30:38,8.77,B,3000
09:30:39,8.77,B,5000
09:30:39,8.77,B,1000
09:30:39,8.77,B,300
09:30:40,8.77,B,200
09:30:40,8.77,B,100
09:30:40,8.77,B,1000
09:30:40,8.77,B,5000
09:30:41,8.77,B,1500
09:30:41,8.77,B,1000
09:30:41,8.77,B,500
09:30:41,8.77,B,500
09:30:42,8.77,B,11000
09:30:42,8.77,B,100
09:30:42,8.77,B,100
09:30:42,8.77,B,300
09:30:42,8.77,B,700
09:30:42,8.77,B,1100
09:30:42,8.77,B,2000
09:30:42,8.77,B,1200
09:30:42,8.78,B,2000
09:30:42,8.78,B,200
09:30:42,8.78,B,2000
09:30:42,8.78,B,1000
09:30:42,8.79,B,2000
09:30:42,8.8,B,4200
09:30:42,8.8,B,300
09:30:42,8.8,B,500
09:30:42,8.8,B,100
09:30:42,8.8,B,2000
09:30:42,8.8,B,2700
09:30:42,8.8,B,200
09:30:42,8.8,B,100
09:30:42,8.8,B,1200
09:30:42,8.8,B,100
09:30:42,8.8,B,3000
09:30:42,8.8,B,200
09:30:42,8.8,B,100
09:30:42,8.8,B,1700
09:30:42,8.8,B,1800
09:30:42,8.8,B,400
09:30:42,8.8,B,2500
09:30:42,8.8,B,100
09:30:42,8.8,B,1500
09:30:42,8.8,B,2000
09:30:42,8.8,B,1600
09:30:42,8.8,B,500
09:30:42,8.8,B,4000
09:30:42,8.8,B,900
09:30:42,8.8,B,1000
09:30:42,8.8,B,10000
09:30:42,8.8,B,400
09:30:42,8.8,S,2500
09:30:43,8.8,S,1500
09:30:43,8.8,S,7300
09:30:43,8.79,S,200
09:30:43,8.78,S,1300
09:30:43,8.78,S,1900
09:30:43,8.78,S,200
09:30:43,8.78,S,500
09:30:43,8.77,S,200
09:30:43,8.76,S,4400
09:30:43,8.76,S,2000
09:30:43,8.76,S,2000
09:30:43,8.8,S,1000
09:30:44,8.8,S,1000
09:30:44,8.78,S,1500
09:30:44,8.78,S,500
09:30:44,8.78,S,500
09:30:44,8.78,S,500
09:30:44,8.78,S,1600
09:30:44,8.78,S,300
09:30:45,8.78,S,1700
09:30:45,8.78,S,200
09:30:45,8.78,S,1100
09:30:45,8.78,S,100
09:30:45,8.78,S,100
09:30:45,8.78,S,1000
09:30:45,8.77,S,600
09:30:45,8.78,S,3000
09:30:45,8.78,S,1000
09:30:47,8.8,S,200
09:30:48,8.78,S,1000
09:30:48,8.78,S,2000
09:30:48,8.78,S,2400
09:30:48,8.78,S,1000
09:30:48,8.78,S,500
09:30:48,8.78,S,400
09:30:49,8.79,B,800
09:30:49,8.78,S,1100
09:30:49,8.78,S,5000
09:30:49,8.78,S,1000
09:30:49,8.78,S,400
09:30:49,8.78,S,3300
09:30:49,8.78,S,2000
09:30:49,8.78,S,100
09:30:49,8.78,S,200
09:30:49,8.78,S,500
09:30:49,8.77,S,600
09:30:49,8.77,S,7500
09:30:49,8.77,S,6300
09:30:51,8.78,S,100
09:30:51,8.79,B,1100
09:30:51,8.78,S,2000
09:30:52,8.79,B,100
09:30:53,8.78,S,2000
09:30:55,8.79,B,300
09:30:56,8.8,S,100
09:30:56,8.78,S,700
09:30:56,8.78,S,1000
09:30:56,8.79,B,600
09:30:56,8.79,B,900
09:30:56,8.81,B,100
09:30:56,8.81,B,500
09:30:56,8.81,B,500
09:30:57,8.81,B,1200
09:30:57,8.79,S,100
09:30:57,8.78,S,4900
09:30:58,8.81,B,1000
09:30:59,8.81,B,8000
09:30:59,8.79,S,2000
09:30:59,8.78,S,700
09:31:00,8.78,S,2000
09:31:00,8.81,B,1000
09:31:00,8.81,B,200
09:31:01,8.81,B,1000
09:31:01,8.81,B,800
09:31:01,8.8,S,200
09:31:01,8.78,S,200
09:31:01,8.8,B,200
09:31:01,8.8,B,100
09:31:01,8.81,B,6300
09:31:01,8.81,B,500
09:31:01,8.81,B,2000
09:31:01,8.81,B,2000
09:31:01,8.81,S,15000
09:31:04,8.81,S,2000
09:31:05,8.82,B,900
09:31:05,8.82,B,100
09:31:05,8.81,S,5900
09:31:06,8.81,S,100
09:31:06,8.82,B,600
09:31:07,8.81,S,1500
09:31:07,8.81,S,2800
09:31:07,8.81,S,1300
09:31:07,8.81,S,100
09:31:07,8.81,S,1000
09:31:07,8.81,S,1200
09:31:07,8.81,S,1000
09:31:07,8.81,S,1700
09:31:07,8.81,S,1500
09:31:07,8.81,S,1000
09:31:07,8.81,S,2000
09:31:07,8.8,S,10000
09:31:07,8.8,S,1000
09:31:07,8.8,S,1000
09:31:07,8.8,S,500
09:31:07,8.8,B,1000
09:31:07,8.8,B,500
09:31:08,8.79,S,300
09:31:08,8.8,B,200
09:31:08,8.79,S,1200
09:31:08,8.79,S,2100
09:31:08,8.79,S,200
09:31:08,8.79,S,200
09:31:08,8.79,S,500
09:31:08,8.78,S,7200
09:31:08,8.78,S,1000
09:31:08,8.78,S,500
09:31:08,8.78,S,100
09:31:08,8.78,S,100
09:31:08,8.78,S,2000
09:31:08,8.78,S,1000
09:31:08,8.78,S,1600
09:31:08,8.78,S,3000
09:31:08,8.78,S,500
09:31:08,8.78,S,300
09:31:08,8.78,S,3000
09:31:08,8.78,S,6700
09:31:08,8.78,S,300
09:31:08,8.78,S,800
09:31:08,8.78,S,300
09:31:08,8.78,S,5000
09:31:08,8.78,S,200
09:31:08,8.78,S,1000
09:31:08,8.78,S,2000
09:31:08,8.78,S,3000
09:31:08,8.78,S,300
09:31:08,8.78,S,5000
09:31:08,8.78,S,2000
09:31:08,8.78,S,200
09:31:08,8.78,S,8200
09:31:08,8.78,S,500
09:31:08,8.78,S,2000
09:31:08,8.78,S,1700
09:31:08,8.78,S,1300
09:31:08,8.78,S,4400
09:31:08,8.77,S,3700
09:31:08,8.77,S,500
09:31:08,8.77,S,300
09:31:08,8.77,S,1200
09:31:08,8.77,S,1000
09:31:08,8.77,S,400
09:31:08,8.77,S,1000
09:31:08,8.77,S,100
09:31:08,8.77,S,2000
09:31:08,8.77,S,3400
09:31:08,8.77,S,500
09:31:08,8.77,S,500
09:31:08,8.77,S,5000
09:31:08,8.77,S,500
09:31:08,8.77,S,3000
09:31:08,8.77,S,100
09:31:08,8.77,S,300
09:31:08,8.77,S,100
09:31:08,8.77,S,1000
09:31:08,8.77,S,1000
09:31:08,8.77,S,4000
09:31:08,8.77,S,1000
09:31:08,8.8,B,1000
09:31:08,8.8,B,2100
09:31:08,8.8,B,2000
09:31:09,8.79,S,500
09:31:09,8.77,S,1000
09:31:09,8.77,S,500
09:31:09,8.77,S,1000
09:31:09,8.77,S,1000
09:31:09,8.77,S,100
09:31:09,8.77,S,300
09:31:09,8.77,S,1000
09:31:09,8.77,S,200
09:31:09,8.77,S,5000
09:31:09,8.77,S,1000
09:31:09,8.77,S,1000
09:31:09,8.77,S,400
09:31:09,8.77,S,300
09:31:09,8.77,S,2000
09:31:09,8.77,S,3000
09:31:09,8.77,S,500
09:31:09,8.77,S,200
09:31:09,8.77,S,1500
09:31:09,8.77,S,5000
09:31:09,8.77,S,100
09:31:09,8.77,S,500
09:31:09,8.77,S,100
09:31:09,8.77,S,200
09:31:09,8.77,S,1000
09:31:09,8.77,S,400
09:31:09,8.77,S,5700
09:31:09,8.77,S,300
09:31:09,8.77,S,500
09:31:09,8.8,B,1000
09:31:10,8.79,S,1000
09:31:10,8.8,B,500
09:31:10,8.8,B,300
09:31:11,8.8,B,600
09:31:12,8.8,B,2000
09:31:12,8.79,S,200
09:31:12,8.8,B,2000
09:31:12,8.8,B,2000
09:31:12,8.8,B,1000
09:31:12,8.79,S,800
09:31:12,8.8,B,11600
09:31:12,8.81,B,500
09:31:12,8.81,B,2500
09:31:13,8.81,S,2500
09:31:13,8.82,B,300
09:31:13,8.82,B,4200
09:31:14,8.81,S,10000
09:31:14,8.81,S,2000
09:31:14,8.81,S,500
09:31:16,8.82,B,2000
09:31:16,8.81,S,500
09:31:16,8.81,S,1000
09:31:17,8.81,S,1000
09:31:18,8.82,B,1000
09:31:18,8.82,B,1000
09:31:18,8.82,B,1800
09:31:18,8.82,B,3200
09:31:19,8.81,S,1900
09:31:19,8.82,B,3000
09:31:19,8.82,B,8000
09:31:20,8.81,S,5000
09:31:20,8.82,B,300
09:31:21,8.82,B,200
09:31:21,8.82,B,5900
09:31:22,8.81,S,5000
09:31:22,8.81,S,1500
09:31:22,8.82,B,400
09:31:22,8.82,B,2000
09:31:23,8.81,S,2500
09:31:23,8.82,B,10000
09:31:24,8.81,S,3900
09:31:24,8.82,B,2000
09:31:25,8.82,B,500
09:31:25,8.81,S,300
09:31:25,8.82,B,1000
09:31:25,8.81,S,3000
09:31:25,8.82,B,5000
09:31:25,8.81,S,2400
09:31:26,8.82,B,300
09:31:26,8.82,B,100
09:31:26,8.82,B,20000
09:31:26,8.82,B,5000
09:31:26,8.81,S,100
09:31:26,8.81,S,800
09:31:26,8.81,S,1500
09:31:27,8.82,B,1000
09:31:27,8.82,B,1000
09:31:27,8.82,B,500
09:31:27,8.82,B,1000
09:31:27,8.82,B,900
09:31:27,8.82,B,1000
09:31:28,8.81,S,1300
09:31:28,8.81,S,700
09:31:28,8.81,S,500
09:31:28,8.82,B,600
09:31:28,8.81,S,500
09:31:28,8.81,S,500
09:31:28,8.81,S,1000
09:31:28,8.81,S,500
09:31:28,8.81,S,2000
09:31:28,8.81,S,300
09:31:28,8.81,S,300
09:31:28,8.82,B,1500
09:31:28,8.81,S,200
09:31:28,8.81,S,800
09:31:28,8.81,S,100
09:31:28,8.81,S,3000
09:31:28,8.81,S,100
09:31:28,8.81,S,500
09:31:28,8.81,S,500
09:31:28,8.81,S,200
09:31:28,8.81,S,700
09:31:28,8.81,S,5500
09:31:28,8.82,B,2100
09:31:29,8.82,B,1000
09:31:29,8.82,B,400
09:31:29,8.82,B,2000
09:31:29,8.82,B,24600
09:31:30,8.82,B,500
09:31:30,8.81,S,1900
09:31:30,8.82,B,1000
09:31:30,8.82,B,8700
09:31:30,8.81,S,2600
09:31:30,8.81,S,900
09:31:30,8.81,S,200
09:31:31,8.81,B,500
09:31:31,8.81,B,600
09:31:31,8.81,B,100
09:31:31,8.81,B,1300
09:31:31,8.81,B,3800
09:31:31,8.81,B,2800
09:31:31,8.81,B,9100
09:31:32,8.81,B,100
09:31:32,8.81,B,1000
09:31:32,8.81,B,500
09:31:32,8.81,B,9300
09:31:32,8.81,B,1000
09:31:32,8.81,B,1000
09:31:32,8.81,B,2000
09:31:32,8.81,B,1100
09:31:33,8.81,B,4900
09:31:33,8.82,B,5400
09:31:33,8.82,B,1500
09:31:33,8.82,B,1000
09:31:33,8.82,B,2000
09:31:34,8.82,B,2300
09:31:34,8.82,B,1200
09:31:34,8.82,B,300
09:31:34,8.81,B,500
09:31:34,8.82,B,3300
09:31:34,8.82,B,700
09:31:34,8.81,B,2600
09:31:34,8.81,B,500
09:31:34,8.81,B,200
09:31:34,8.81,B,7300
09:31:35,8.81,B,9400
09:31:35,8.82,B,20900
09:31:35,8.82,B,4800
09:31:35,8.82,B,200
09:31:35,8.82,B,100
09:31:35,8.82,B,2000
09:31:36,8.82,B,1300
09:31:36,8.82,B,500
09:31:36,8.81,S,400
09:31:36,8.81,S,2000
09:31:36,8.8,S,1000
09:31:36,8.8,S,1600
09:31:36,8.82,B,1300
09:31:37,8.82,B,1400
09:31:37,8.82,B,300
09:31:37,8.82,B,300
09:31:37,8.82,B,1000
09:31:37,8.82,B,500
09:31:38,8.82,B,500
09:31:38,8.82,B,800
09:31:38,8.82,B,200
09:31:38,8.82,B,500
09:31:38,8.82,B,100
09:31:38,8.82,B,1900
09:31:38,8.82,B,100
09:31:38,8.82,B,3000
09:31:38,8.82,B,2500
09:31:38,8.82,B,500
09:31:38,8.82,B,1100
09:31:38,8.82,B,3600
09:31:38,8.82,B,1400
09:31:38,8.82,B,1100
09:31:38,8.82,B,800
09:31:38,8.82,B,1500
09:31:38,8.82,B,600
09:31:38,8.82,S,500
09:31:40,8.82,S,500
09:31:40,8.82,S,1000
09:31:40,8.82,S,500
09:31:40,8.82,S,500
09:31:40,8.82,S,100
09:31:40,8.82,S,500
09:31:40,8.82,S,1100
09:31:40,8.82,S,900
09:31:41,8.82,S,2000
09:31:42,8.82,S,500
09:31:42,8.82,S,200
09:31:42,8.82,S,1000
09:31:42,8.82,S,300
09:31:42,8.82,S,200
09:31:42,8.82,S,200
09:31:42,8.82,S,1600
09:31:42,8.82,S,100
09:31:43,8.82,S,2600
09:31:43,8.82,S,2800
09:31:43,8.82,S,1600
09:31:43,8.82,S,600
09:31:43,8.82,S,400
09:31:44,8.82,S,100
09:31:44,8.83,B,500
09:31:44,8.83,B,100
09:31:45,8.82,S,900
09:31:46,8.82,S,2500
09:31:46,8.82,S,1000
09:31:46,8.82,S,1800
09:31:47,8.83,B,1100
09:31:47,8.82,S,2500
09:31:48,8.83,B,3000
09:31:49,8.83,B,1000
09:31:49,8.82,S,800
09:31:49,8.82,S,10000
09:31:49,8.82,S,700
09:31:49,8.82,S,2000
09:31:49,8.82,S,600
09:31:49,8.82,S,800
09:31:49,8.82,S,500
09:31:49,8.82,S,200
09:31:49,8.82,S,100
09:31:49,8.82,S,15300
09:31:49,8.82,S,1000
09:31:49,8.82,S,3000
09:31:49,8.82,S,1000
09:31:49,8.82,S,500
09:31:49,8.82,S,2000
09:31:49,8.82,S,100
09:31:49,8.82,S,500
09:31:49,8.82,S,400
09:31:49,8.82,S,5000
09:31:49,8.82,S,200
09:31:49,8.82,S,1500
09:31:49,8.82,S,200
09:31:49,8.82,S,3000
09:31:49,8.82,S,200
09:31:49,8.82,S,100
09:31:49,8.82,S,11400
09:31:49,8.82,S,2000
09:31:49,8.82,S,2400
09:31:49,8.82,S,5300
09:31:49,8.82,S,1000
09:31:50,8.82,S,300
09:31:50,8.82,S,1300
09:31:51,8.83,B,4800
09:31:51,8.83,B,200
09:31:51,8.83,B,800
09:31:52,8.82,S,700
09:31:52,8.83,B,1000
09:31:52,8.83,B,500
09:31:52,8.83,B,2100
09:31:52,8.83,B,400
09:31:52,8.83,B,2000
09:31:53,8.84,B,1000
09:31:53,8.83,S,3400
09:31:53,8.82,S,700
09:31:53,8.83,B,300
09:31:53,8.83,B,200
09:31:53,8.82,S,4700
09:31:53,8.82,S,5300
09:31:53,8.82,S,500
09:31:54,8.83,B,300
09:31:54,8.82,S,600
09:31:54,8.82,S,400
09:31:54,8.82,S,2500
09:31:55,8.82,S,1000
09:31:55,8.82,S,900
09:31:56,8.82,S,700
09:31:56,8.82,S,300
09:31:56,8.83,B,1200
09:31:56,8.83,B,1800
09:31:56,8.82,S,6800
09:31:56,8.82,S,500
09:31:56,8.82,S,500
09:31:56,8.82,S,1200
09:31:56,8.82,S,200
09:31:56,8.82,S,1000
09:31:56,8.82,S,2000
09:31:56,8.82,S,2800
09:31:56,8.82,S,900
09:31:56,8.82,S,3000
09:31:56,8.83,B,100
09:31:57,8.82,S,1000
09:31:58,8.82,S,2000
09:31:58,8.82,S,2000
09:31:58,8.83,B,100
09:31:58,8.83,B,900
09:31:58,8.83,B,1100
09:31:58,8.83,B,900
09:31:58,8.83,B,1000
09:31:58,8.83,B,1000
09:31:58,8.83,B,1900
09:31:59,8.82,S,1800
09:31:59,8.83,B,300
09:31:59,8.83,B,1000
09:31:59,8.82,S,500
09:32:00,8.83,B,3400
09:32:00,8.82,S,100
09:32:00,8.82,S,5900
09:32:00,8.82,S,1000
09:32:00,8.82,S,100
09:32:00,8.82,S,2000
09:32:00,8.82,S,300
09:32:00,8.82,S,500
09:32:00,8.82,S,1000
09:32:00,8.82,S,1800
09:32:00,8.82,S,1000
09:32:00,8.82,S,1000
09:32:00,8.82,S,1000
09:32:00,8.82,S,600
09:32:00,8.82,S,1000
09:32:00,8.83,B,2000
09:32:00,8.82,S,300
09:32:00,8.82,S,1100
09:32:00,8.83,B,100
09:32:01,8.83,B,200
09:32:01,8.82,S,900
09:32:01,8.82,S,100
09:32:01,8.82,S,300
09:32:01,8.82,S,700
09:32:01,8.82,S,100
09:32:01,8.82,S,100
09:32:01,8.82,S,800
09:32:01,8.82,S,300
09:32:01,8.83,B,1100
09:32:01,8.83,B,1600
09:32:02,8.83,S,2000
09:32:02,8.83,S,400
09:32:02,8.83,S,100
09:32:02,8.84,B,9000
09:32:02,8.84,B,1000
09:32:03,8.83,S,900
09:32:03,8.83,S,1000
09:32:03,8.83,S,500
09:32:03,8.83,S,300
09:32:03,8.83,S,1700
09:32:03,8.83,S,500
09:32:03,8.83,S,1000
09:32:03,8.83,S,200
09:32:03,8.82,S,700
09:32:03,8.82,S,100
09:32:03,8.82,S,200
09:32:03,8.82,S,3600
09:32:03,8.82,S,10000
09:32:03,8.82,S,100
09:32:03,8.82,S,200
09:32:03,8.82,S,1700
09:32:03,8.83,S,100
09:32:03,8.82,S,6300
09:32:03,8.82,S,3000
09:32:03,8.82,S,100
09:32:03,8.82,S,6200
09:32:03,8.82,S,1000
09:32:03,8.82,S,3000
09:32:03,8.82,S,2000
09:32:03,8.82,S,600
09:32:03,8.82,S,2300
09:32:03,8.82,S,200
09:32:03,8.82,S,16400
09:32:03,8.82,S,10000
09:32:03,8.82,S,1000
09:32:03,8.82,S,500
09:32:03,8.82,S,1300
09:32:03,8.82,S,1000
09:32:03,8.82,S,500
09:32:03,8.82,S,1000
09:32:03,8.82,S,800
09:32:04,8.83,S,1300
09:32:04,8.82,S,8200
09:32:04,8.82,S,200
09:32:04,8.82,S,800
09:32:04,8.83,S,200
09:32:04,8.83,S,500
09:32:04,8.82,S,1300
09:32:04,8.83,S,100
09:32:04,8.83,S,2200
09:32:05,8.83,B,4000
09:32:05,8.83,B,200
09:32:05,8.83,B,200
09:32:05,8.83,B,3000
09:32:06,8.83,B,400
09:32:07,8.83,S,100
09:32:07,8.83,S,900
09:32:07,8.83,S,200
09:32:07,8.83,S,100
09:32:07,8.82,S,600
09:32:07,8.84,B,1000
09:32:07,8.84,B,500
09:32:07,8.84,B,5000
09:32:07,8.83,S,100
09:32:07,8.83,S,500
09:32:08,8.83,S,1400
09:32:08,8.83,S,3100
09:32:08,8.83,S,3900
09:32:08,8.83,S,1000
09:32:08,8.83,S,600
09:32:08,8.84,B,5000
09:32:08,8.84,B,5000
09:32:08,8.83,S,1400
09:32:08,8.83,S,600
09:32:08,8.83,S,9400
09:32:08,8.83,S,100
09:32:08,8.83,S,300
09:32:08,8.83,S,100
09:32:08,8.82,S,300
09:32:08,8.82,S,200
09:32:08,8.82,S,400
09:32:08,8.82,S,2000
09:32:08,8.82,S,1000
09:32:08,8.82,S,18700
09:32:10,8.83,S,100
09:32:10,8.83,S,300
09:32:10,8.83,S,400
09:32:10,8.83,S,3400
09:32:10,8.83,S,2000
09:32:10,8.83,S,2700
09:32:10,8.83,S,800
09:32:10,8.83,S,1100
09:32:10,8.83,S,200
09:32:10,8.83,S,100
09:32:10,8.83,S,600
09:32:10,8.83,S,2300
09:32:10,8.83,S,100
09:32:11,8.83,S,100
09:32:11,8.83,S,1800
09:32:11,8.83,S,100
09:32:11,8.83,S,100
09:32:12,8.84,B,400
09:32:12,8.83,S,100
09:32:12,8.83,S,1000
09:32:12,8.83,S,1900
09:32:12,8.83,S,200
09:32:12,8.83,S,2700
09:32:12,8.83,S,200
09:32:12,8.83,S,300
09:32:12,8.83,S,200
09:32:12,8.83,S,100
09:32:13,8.83,S,500
09:32:13,8.83,S,1400
09:32:14,8.83,S,200
09:32:16,8.83,S,3000
09:32:17,8.83,S,1000
09:32:17,8.84,B,1600
09:32:17,8.84,B,500
09:32:17,8.84,B,2000
09:32:17,8.84,B,400
09:32:18,8.83,S,1000
09:32:18,8.84,B,300
09:32:18,8.83,S,2000
09:32:18,8.84,B,1000
09:32:18,8.84,B,3300
09:32:18,8.84,B,1500
09:32:18,8.84,B,200
09:32:19,8.84,B,300
09:32:19,8.84,B,2500
09:32:19,8.84,B,4200
09:32:19,8.83,S,1100
09:32:19,8.83,S,1100
09:32:19,8.83,S,1000
09:32:20,8.83,S,1800
09:32:20,8.83,S,500
09:32:20,8.84,B,3000
09:32:20,8.84,B,2200
09:32:20,8.84,B,1400
09:32:20,8.84,B,1400
09:32:20,8.84,B,1400
09:32:20,8.84,B,600
09:32:20,8.84,B,800
09:32:20,8.84,B,200
09:32:21,8.83,S,700
09:32:21,8.83,S,800
09:32:22,8.83,S,2000
09:32:22,8.84,B,700
09:32:22,8.84,B,400
09:32:22,8.84,B,1300
09:32:22,8.83,S,1300
09:32:22,8.84,B,100
09:32:22,8.84,B,400
09:32:22,8.84,B,1400
09:32:22,8.84,B,1900
09:32:22,8.84,B,200
09:32:23,8.83,S,1000
09:32:24,8.83,S,100
09:32:24,8.83,S,200
09:32:24,8.83,S,1000
09:32:24,8.83,S,600
09:32:24,8.83,S,200
09:32:24,8.83,S,200
09:32:24,8.83,S,1000
09:32:24,8.83,S,1200
09:32:24,8.83,S,600
09:32:24,8.83,S,100
09:32:24,8.83,S,4800
09:32:24,8.83,S,200
09:32:24,8.83,S,800
09:32:24,8.84,B,1000
09:32:24,8.83,S,9200
09:32:24,8.83,S,500
09:32:24,8.83,S,3600
09:32:24,8.83,S,2000
09:32:24,8.83,S,700
09:32:24,8.83,S,500
09:32:24,8.83,S,1700
09:32:24,8.83,S,600
09:32:24,8.83,S,500
09:32:24,8.83,S,500
09:32:24,8.83,S,1200
09:32:24,8.83,S,200
09:32:24,8.83,S,1000
09:32:24,8.83,S,1300
09:32:24,8.83,S,400
09:32:24,8.83,S,1900
09:32:24,8.83,S,500
09:32:24,8.83,S,2000
09:32:24,8.83,S,1700
09:32:24,8.83,S,1000
09:32:24,8.83,S,300
09:32:24,8.83,S,300
09:32:24,8.83,S,800
09:32:25,8.84,B,200
09:32:25,8.84,B,3100
09:32:25,8.84,B,100
09:32:25,8.84,B,300
09:32:25,8.84,B,1000
09:32:26,8.83,S,200
09:32:26,8.83,S,500
09:32:26,8.83,S,2800
09:32:26,8.83,S,800
09:32:26,8.83,S,1400
09:32:26,8.83,S,800
09:32:26,8.83,S,5800
09:32:26,8.83,S,2000
09:32:26,8.83,S,1600
09:32:26,8.84,B,100
09:32:26,8.84,B,200
09:32:26,8.84,B,2000
09:32:27,8.84,B,1600
09:32:27,8.83,S,600
09:32:27,8.83,S,600
09:32:27,8.84,B,2000
09:32:27,8.84,B,400
09:32:27,8.83,S,500
09:32:27,8.83,S,2500
09:32:28,8.84,B,2700
09:32:28,8.83,S,1900
09:32:28,8.84,B,1500
09:32:28,8.84,B,4000
09:32:28,8.84,B,500
09:32:28,8.84,B,500
09:32:28,8.84,B,600
09:32:28,8.84,B,1800
09:32:28,8.84,B,1400
09:32:28,8.84,B,2700
09:32:28,8.83,S,2700
09:32:28,8.84,B,500
09:32:28,8.84,B,600
09:32:28,8.83,S,1800
09:32:28,8.83,S,100
09:32:28,8.83,S,1700
09:32:28,8.84,B,300
09:32:28,8.84,B,200
09:32:28,8.83,S,600
09:32:28,8.83,S,500
09:32:28,8.83,S,500
09:32:28,8.83,S,1000
09:32:28,8.83,S,1100
09:32:28,8.83,S,1000
09:32:28,8.83,S,400
09:32:29,8.83,S,1800
09:32:29,8.84,B,1000
09:32:29,8.84,B,300
09:32:29,8.84,B,4700
09:32:29,8.84,B,100
09:32:29,8.84,B,500
09:32:29,8.84,B,1000
09:32:30,8.83,S,1000
09:32:30,8.83,S,1800
09:32:30,8.83,S,900
09:32:30,8.83,S,300
09:32:30,8.83,S,4900
09:32:30,8.84,B,1000
09:32:30,8.83,S,500
09:32:30,8.83,S,100
09:32:30,8.84,B,2700
09:32:30,8.84,B,900
09:32:30,8.84,B,300
09:32:30,8.84,B,6100
09:32:30,8.84,B,1500
09:32:30,8.84,B,200
09:32:31,8.83,S,700
09:32:31,8.84,B,400
09:32:31,8.84,B,200
09:32:31,8.84,B,600
09:32:31,8.84,B,400
09:32:31,8.83,S,1400
09:32:31,8.83,S,100
09:32:31,8.83,S,500
09:32:31,8.84,B,100
09:32:32,8.84,B,1000
09:32:32,8.84,B,100
09:32:32,8.84,B,5500
09:32:32,8.83,S,1400
09:32:32,8.83,S,700
09:32:32,8.83,S,3000
09:32:32,8.83,S,200
09:32:32,8.83,S,1000
09:32:32,8.83,S,300
09:32:32,8.83,S,200
09:32:32,8.83,S,400
09:32:32,8.83,S,200
09:32:32,8.83,S,400
09:32:32,8.83,S,1600
09:32:32,8.83,S,500
09:32:32,8.83,S,5000
09:32:32,8.83,S,500
09:32:32,8.83,S,2000
09:32:32,8.83,S,2000
09:32:32,8.83,S,10000
09:32:32,8.83,S,100
09:32:32,8.83,S,100
09:32:32,8.83,S,500
09:32:32,8.83,S,2000
09:32:32,8.83,S,200
09:32:32,8.83,S,400
09:32:32,8.83,S,100
09:32:32,8.83,S,4200
09:32:32,8.83,S,10000
09:32:32,8.83,S,1000
09:32:32,8.83,S,200
09:32:32,8.83,S,100
09:32:32,8.83,S,1000
09:32:32,8.83,S,2000
09:32:32,8.83,S,500
09:32:32,8.83,S,10000
09:32:32,8.83,S,500
09:32:32,8.83,S,2000
09:32:32,8.83,S,3000
09:32:32,8.83,S,2000
09:32:32,8.83,S,1000
09:32:32,8.83,S,1000
09:32:32,8.83,S,1000
09:32:32,8.83,S,100
09:32:32,8.83,S,100
09:32:32,8.83,S,1000
09:32:32,8.83,S,1100
09:32:32,8.83,S,300
09:32:32,8.83,S,500
09:32:32,8.83,S,600
09:32:32,8.83,B,4000
09:32:33,8.83,B,800
09:32:33,8.83,B,7600
09:32:33,8.83,B,1000
09:32:33,8.83,B,1100
09:32:33,8.83,B,2000
09:32:33,8.83,B,400
09:32:33,8.83,B,1000
09:32:33,8.83,B,2000
09:32:33,8.83,B,3000
09:32:34,8.83,B,5000
09:32:34,8.83,B,800
09:32:34,8.82,S,100
09:32:34,8.83,B,3000
09:32:34,8.83,B,5000
09:32:34,8.83,B,1500
09:32:34,8.83,B,300
09:32:34,8.83,B,200
09:32:34,8.83,B,10000
09:32:34,8.83,B,500
09:32:34,8.83,B,2000
09:32:35,8.83,B,500
09:32:35,8.83,B,5000
09:32:35,8.83,B,100
09:32:35,8.83,B,5000
09:32:35,8.82,S,3800
09:32:35,8.82,S,1000
09:32:35,8.82,S,100
09:32:35,8.83,B,200
09:32:35,8.83,B,600
09:32:35,8.83,B,1200
09:32:36,8.83,B,4400
09:32:36,8.83,B,500
09:32:36,8.83,B,600
09:32:36,8.83,B,2000
09:32:36,8.82,S,400
09:32:36,8.83,B,2000
09:32:37,8.83,B,500
09:32:37,8.83,B,2000
09:32:37,8.83,B,100
09:32:37,8.83,B,2400
09:32:38,8.82,S,500
09:32:38,8.82,S,500
09:32:38,8.82,S,300
09:32:38,8.82,S,3600
09:32:38,8.83,B,300
09:32:38,8.83,B,500
09:32:38,8.83,B,5000
09:32:38,8.82,S,2500
09:32:38,8.83,B,900
09:32:39,8.83,B,600
09:32:39,8.83,B,1100
09:32:39,8.83,B,500
09:32:39,8.83,B,1000
09:32:39,8.82,S,600
09:32:39,8.83,B,1000
09:32:39,8.83,B,1000
09:32:40,8.83,B,300
09:32:40,8.83,B,200
09:32:41,8.83,B,100
09:32:41,8.83,B,500
09:32:41,8.83,B,1000
09:32:41,8.83,B,1000
09:32:41,8.83,B,500
09:32:41,8.83,B,1000
09:32:41,8.83,B,1000
09:32:41,8.83,B,1000
09:32:41,8.83,B,200
09:32:41,8.83,B,1200
09:32:42,8.83,B,2000
09:32:42,8.82,S,900
09:32:42,8.83,B,1000
09:32:42,8.83,B,100
09:32:42,8.82,S,3600
09:32:42,8.82,S,1800
09:32:42,8.82,S,1800
09:32:42,8.83,B,1500
09:32:43,8.83,B,1600
09:32:43,8.83,B,4000
09:32:43,8.82,S,2700
09:32:43,8.83,B,5000
09:32:43,8.83,B,2500
09:32:43,8.82,S,800
09:32:43,8.82,S,2800
09:32:43,8.83,B,600
09:32:43,8.82,S,200
09:32:43,8.82,S,700
09:32:43,8.83,B,3100
09:32:44,8.83,B,2600
09:32:44,8.83,B,700
09:32:44,8.83,B,4000
09:32:44,8.83,B,4900
09:32:44,8.83,B,700
09:32:44,8.83,B,1300
09:32:44,8.83,B,500
09:32:44,8.83,B,200
09:32:44,8.83,B,100
09:32:44,8.83,B,100
09:32:44,8.83,B,1900
09:32:44,8.83,B,2000
09:32:44,8.83,B,200
09:32:44,8.83,B,1000
09:32:44,8.83,B,2800
09:32:44,8.83,B,500
09:32:44,8.83,B,1000
09:32:44,8.83,B,1000
09:32:44,8.82,S,1800
09:32:44,8.82,S,3000
09:32:44,8.82,S,100
09:32:44,8.82,S,200
09:32:44,8.82,S,300
09:32:45,8.83,B,500
09:32:45,8.83,B,100
09:32:45,8.83,B,1000
09:32:45,8.83,B,400
09:32:45,8.83,B,100
09:32:45,8.83,B,400
09:32:45,8.83,B,100
09:32:45,8.83,B,600
09:32:45,8.83,B,900
09:32:45,8.83,B,100
09:32:45,8.83,B,1500
09:32:45,8.83,B,800
09:32:45,8.83,S,200
09:32:46,8.83,B,800
09:32:46,8.82,S,200
09:32:46,8.82,S,100
09:32:46,8.82,S,300
09:32:46,8.83,B,800
09:32:46,8.84,B,300
09:32:46,8.83,B,500
09:32:46,8.83,B,2100
09:32:46,8.83,B,2500
09:32:46,8.84,B,500
09:32:47,8.84,B,1000
09:32:47,8.83,B,1000
09:32:47,8.83,B,500
09:32:47,8.83,B,200
09:32:47,8.83,B,5000
09:32:47,8.83,B,200
09:32:48,8.83,B,100
09:32:49,8.83,B,2000
09:32:49,8.83,B,400
09:32:50,8.83,B,500
09:32:50,8.83,B,1400
09:32:50,8.83,B,300
09:32:50,8.83,B,500
09:32:50,8.83,B,1000
09:32:50,8.83,B,4000
09:32:50,8.83,B,700
09:32:50,8.83,B,1200
09:32:50,8.83,B,600
09:32:50,8.83,B,100
09:32:50,8.83,B,1300
09:32:50,8.83,B,300
09:32:50,8.83,B,1400
09:32:51,8.83,B,7600
09:32:51,8.83,B,200
09:32:51,8.82,S,100
09:32:51,8.82,S,900
09:32:51,8.83,B,2000
09:32:51,8.82,S,1100
09:32:51,8.82,S,500
09:32:51,8.82,S,900
09:32:52,8.82,S,100
09:32:52,8.82,S,800
09:32:52,8.83,B,600
09:32:52,8.83,B,800
09:32:52,8.83,B,5000
09:32:52,8.83,B,1000
09:32:52,8.83,B,3700
09:32:52,8.83,B,200
09:32:52,8.83,B,1000
09:32:53,8.83,B,12300
09:32:53,8.83,B,400
09:32:53,8.83,B,600
09:32:53,8.83,B,200
09:32:54,8.83,B,1700
09:32:54,8.83,B,20000
09:32:54,8.82,S,1400
09:32:54,8.83,B,2200
09:32:54,8.83,B,8800
09:32:54,8.82,S,800
09:32:54,8.83,B,5000
09:32:55,8.83,B,500
09:32:55,8.83,B,2000
09:32:55,8.82,S,2000
09:32:55,8.82,S,100
09:32:55,8.82,S,200
09:32:55,8.82,S,300
09:32:55,8.82,S,3000
09:32:55,8.82,S,2000
09:32:55,8.82,S,2400
09:32:55,8.83,B,10000
09:32:55,8.83,B,1000
09:32:55,8.83,B,4400
09:32:56,8.82,S,5000
09:32:56,8.82,S,1000
09:32:56,8.83,B,200
09:32:56,8.83,B,5000
09:32:56,8.83,B,400
09:32:56,8.83,B,1800
09:32:56,8.83,B,200
09:32:56,8.83,B,2000
09:32:56,8.83,B,500
09:32:57,8.82,S,1000
09:32:57,8.83,B,1000
09:32:57,8.83,B,1000
09:32:57,8.83,B,500
09:32:57,8.83,B,1000
09:32:57,8.83,B,4000
09:32:57,8.83,B,500
09:32:57,8.83,B,2600
09:32:57,8.83,B,2000
09:32:57,8.83,B,3000
09:32:57,8.83,B,2900
09:32:57,8.83,B,1200
09:32:57,8.83,B,200
09:32:57,8.83,B,800
09:32:57,8.83,B,1000
09:32:57,8.82,S,1000
09:32:57,8.83,B,1000
09:32:58,8.83,B,1900
09:32:58,8.83,B,300
09:32:58,8.82,S,800
09:32:58,8.82,S,2000
09:32:58,8.82,S,7200
09:32:58,8.83,B,500
09:32:58,8.83,B,1400
09:32:58,8.83,B,3600
09:32:58,8.83,B,400
09:32:58,8.83,B,100
09:32:58,8.83,B,500
09:32:58,8.83,B,1000
09:32:58,8.83,B,2400
09:32:58,8.83,B,600
09:32:58,8.83,B,5100
09:32:58,8.83,B,600
09:32:58,8.83,B,600
09:32:58,8.83,B,500
09:32:58,8.84,B,200
09:32:59,8.82,S,1000
09:32:59,8.82,S,1800
09:32:59,8.84,B,400
09:32:59,8.83,S,100
09:32:59,8.83,S,900
09:33:00,8.84,B,500
09:33:00,8.84,B,1500
09:33:00,8.83,S,100
09:33:00,8.84,B,1500
09:33:00,8.84,B,600
09:33:00,8.84,B,1100
09:33:00,8.84,B,800
09:33:00,8.83,S,400
09:33:00,8.83,S,600
09:33:00,8.84,B,400
09:33:00,8.84,B,600
09:33:00,8.84,B,3900
09:33:00,8.84,B,400
09:33:00,8.84,B,1000
09:33:00,8.84,B,5000
09:33:00,8.84,B,1700
09:33:00,8.84,B,1000
09:33:00,8.84,B,900
09:33:00,8.84,B,1000
09:33:00,8.84,B,500
09:33:00,8.84,B,1000
09:33:00,8.84,B,3600
09:33:00,8.84,B,4800
09:33:00,8.84,B,200
09:33:00,8.83,S,1000
09:33:01,8.83,S,400
09:33:01,8.83,S,500
09:33:01,8.83,S,500
09:33:01,8.83,S,500
09:33:01,8.84,B,100
09:33:01,8.84,B,5000
09:33:01,8.83,S,100
09:33:01,8.84,B,400
09:33:01,8.83,S,1300
09:33:01,8.83,S,3000
09:33:02,8.84,B,300
09:33:02,8.83,S,20000
09:33:02,8.83,S,2000
09:33:02,8.83,S,900
09:33:02,8.84,B,2000
09:33:02,8.83,S,1000
09:33:02,8.84,B,100
09:33:02,8.83,S,1000
09:33:03,8.83,S,20200
09:33:03,8.83,S,2000
09:33:03,8.83,S,4500
09:33:03,8.83,S,1000
09:33:03,8.83,S,3000
09:33:03,8.83,S,100
09:33:03,8.83,S,7200
09:33:03,8.84,B,200
09:33:04,8.83,S,900
09:33:04,8.84,B,1700
09:33:04,8.84,B,19400
09:33:04,8.84,B,600
09:33:04,8.84,B,1000
09:33:04,8.84,B,400
09:33:04,8.84,B,2000
09:33:04,8.84,B,900
09:33:04,8.83,S,100
09:33:04,8.84,B,8000
09:33:05,8.83,S,900
09:33:05,8.83,S,3100
09:33:05,8.83,S,1000
09:33:05,8.83,S,2000
09:33:05,8.83,S,1000
09:33:05,8.83,S,1500
09:33:05,8.83,S,1400
09:33:05,8.83,S,500
09:33:05,8.83,S,600
09:33:05,8.83,S,200
09:33:05,8.82,S,15000
09:33:05,8.82,S,5000
09:33:05,8.82,S,1000
09:33:05,8.82,S,1000
09:33:05,8.82,S,1000
09:33:05,8.82,S,1700
09:33:05,8.82,S,100
09:33:05,8.82,S,2000
09:33:05,8.82,S,1000
09:33:05,8.82,S,1000
09:33:05,8.82,S,1000
09:33:05,8.82,S,1000
09:33:05,8.82,S,400
09:33:05,8.82,S,3000
09:33:05,8.82,S,500
09:33:05,8.82,S,1000
09:33:05,8.82,S,1000
09:33:05,8.82,S,1100
09:33:05,8.82,S,3900
09:33:05,8.82,S,1000
09:33:05,8.82,S,1000
09:33:05,8.82,S,500
09:33:05,8.82,S,900
09:33:05,8.82,S,1200
09:33:05,8.82,S,300
09:33:05,8.82,S,1200
09:33:05,8.82,S,600
09:33:06,8.84,B,1000
09:33:06,8.84,B,700
09:33:06,8.82,S,1200
09:33:06,8.82,S,2000
09:33:06,8.82,S,8300
09:33:06,8.82,S,400
09:33:06,8.82,S,1000
09:33:06,8.82,S,900
09:33:06,8.82,S,1800
09:33:06,8.84,B,100
09:33:07,8.82,S,1100
09:33:07,8.83,S,1000
09:33:07,8.83,S,300
09:33:07,8.83,B,900
09:33:07,8.83,S,1600
09:33:08,8.84,B,5000
09:33:08,8.84,B,800
09:33:08,8.84,B,1100
09:33:08,8.84,B,1900
09:33:08,8.83,S,500
09:33:08,8.83,S,2000
09:33:08,8.83,S,400
09:33:08,8.83,S,100
09:33:08,8.83,S,300
09:33:08,8.83,S,1500
09:33:08,8.83,S,3000
09:33:08,8.82,S,1200
09:33:08,8.82,S,2000
09:33:08,8.82,S,200
09:33:08,8.82,S,300
09:33:08,8.82,S,1000
09:33:08,8.82,S,1000
09:33:08,8.82,S,1000
09:33:08,8.82,S,400
09:33:08,8.82,B,500
09:33:08,8.82,B,800
09:33:09,8.82,B,400
09:33:09,8.81,S,1800
09:33:09,8.81,S,400
09:33:09,8.81,S,500
09:33:09,8.81,S,900
09:33:09,8.82,B,400
09:33:09,8.83,B,500
09:33:09,8.82,B,1000
09:33:09,8.83,B,1000
09:33:09,8.83,B,500
09:33:09,8.84,B,2100
09:33:09,8.84,B,100
09:33:09,8.84,B,1000
09:33:09,8.84,B,11900
09:33:10,8.83,B,2600
09:33:10,8.84,B,1000
09:33:10,8.84,B,800
09:33:10,8.83,S,1000
09:33:10,8.83,S,1800
09:33:10,8.83,S,1400
09:33:11,8.83,S,1500
09:33:11,8.83,S,500
09:33:11,8.83,S,1400
09:33:11,8.83,S,1000
09:33:11,8.83,S,3000
09:33:11,8.83,S,400
09:33:11,8.83,S,1000
09:33:11,8.83,S,500
09:33:11,8.83,S,500
09:33:11,8.84,B,4400
09:33:12,8.83,S,700
09:33:12,8.83,S,900
09:33:12,8.83,S,300
09:33:12,8.83,S,100
09:33:12,8.83,S,900
09:33:12,8.83,S,16500
09:33:12,8.84,B,1000
09:33:12,8.84,B,2000
09:33:12,8.83,S,3000
09:33:13,8.83,S,15700
09:33:13,8.84,B,1100
09:33:14,8.83,S,2000
09:33:15,8.83,S,4000
09:33:15,8.84,B,500
09:33:15,8.84,B,100
09:33:16,8.83,S,500
09:33:16,8.84,B,900
09:33:16,8.84,B,1000
09:33:16,8.84,B,500
09:33:16,8.84,B,600
09:33:16,8.84,B,100
09:33:16,8.83,S,5600
09:33:16,8.83,S,600
09:33:16,8.84,B,300
09:33:16,8.84,B,200
09:33:16,8.83,S,1000
09:33:17,8.83,S,8100
09:33:17,8.83,S,3000
09:33:17,8.83,S,500
09:33:17,8.83,S,300
09:33:17,8.83,S,8100
09:33:17,8.84,B,2000
09:33:17,8.84,B,1000
09:33:17,8.84,B,800
09:33:17,8.84,B,200
09:33:18,8.83,S,300
09:33:19,8.83,S,700
09:33:19,8.84,B,300
09:33:19,8.84,B,500
09:33:19,8.84,B,5900
09:33:19,8.84,B,200
09:33:19,8.84,B,400
09:33:20,8.84,B,600
09:33:20,8.84,B,600
09:33:20,8.84,B,100
09:33:20,8.83,S,900
09:33:20,8.83,S,600
09:33:20,8.83,S,1000
09:33:20,8.83,S,2000
09:33:21,8.84,B,800
09:33:21,8.83,S,3000
09:33:22,8.84,B,1300
09:33:22,8.84,B,300
09:33:22,8.84,B,200
09:33:22,8.84,B,2300
09:33:22,8.84,B,1000
09:33:22,8.84,B,10000
09:33:22,8.84,B,2000
09:33:22,8.84,B,4700
09:33:23,8.84,B,100
09:33:24,8.83,S,3200
09:33:24,8.83,S,8100
09:33:24,8.84,B,100
09:33:24,8.84,B,1000
09:33:24,8.83,S,900
09:33:24,8.84,B,100
09:33:24,8.84,B,200
09:33:24,8.84,B,400
09:33:24,8.83,S,1000
09:33:24,8.83,S,500
09:33:24,8.83,S,500
09:33:25,8.83,S,500
09:33:25,8.83,S,5400
09:33:25,8.83,S,5000
09:33:25,8.83,S,500
09:33:25,8.83,S,1600
09:33:25,8.83,S,1400
09:33:25,8.83,S,1100
09:33:26,8.84,B,100
09:33:26,8.84,B,2000
09:33:26,8.84,B,100
09:33:26,8.84,B,2000
09:33:26,8.83,S,1400
09:33:26,8.83,S,500
09:33:27,8.84,B,1100
09:33:28,8.84,B,300
09:33:28,8.84,B,700
09:33:28,8.84,B,2000
09:33:28,8.84,B,1000
09:33:28,8.84,B,300
09:33:29,8.84,B,1000
09:33:29,8.84,B,1100
09:33:29,8.83,S,2000
09:33:29,8.83,S,1000
09:33:29,8.83,S,400
09:33:29,8.84,B,7500
09:33:29,8.84,B,500
09:33:30,8.84,B,100
09:33:31,8.84,B,300
09:33:31,8.84,B,3000
09:33:31,8.84,B,100
09:33:31,8.84,B,400
09:33:31,8.83,S,1600
09:33:31,8.83,S,900
09:33:31,8.83,S,3300
09:33:31,8.84,B,500
09:33:32,8.84,B,1000
09:33:32,8.84,B,600
09:33:32,8.84,B,2000
09:33:32,8.84,B,400
09:33:32,8.84,B,500
09:33:33,8.84,B,100
09:33:33,8.84,B,400
09:33:33,8.84,B,1600
09:33:33,8.84,B,1000
09:33:33,8.84,B,400
09:33:33,8.84,B,1000
09:33:33,8.83,S,1000
09:33:33,8.84,B,1000
09:33:33,8.84,B,500
09:33:34,8.84,B,100
09:33:34,8.84,B,1900
09:33:34,8.84,B,5400
09:33:34,8.84,B,2000
09:33:34,8.83,S,700
09:33:34,8.83,S,800
09:33:34,8.84,B,1000
09:33:34,8.83,S,500
09:33:35,8.84,B,2000
09:33:35,8.84,B,2700
09:33:35,8.84,B,600
09:33:35,8.84,B,600
09:33:36,8.84,B,200
09:33:36,8.83,S,200
09:33:36,8.83,S,500
09:33:36,8.83,S,300
09:33:36,8.84,B,2000
09:33:36,8.84,B,5000
09:33:36,8.84,B,1600
09:33:36,8.84,B,3200
09:33:36,8.84,B,6500
09:33:36,8.83,S,1100
09:33:36,8.83,S,3000
09:33:36,8.83,S,1100
09:33:36,8.83,S,500
09:33:36,8.83,S,2800
09:33:36,8.84,B,300
09:33:36,8.84,B,2000
09:33:36,8.84,B,1200
09:33:36,8.84,B,500
09:33:36,8.84,B,500
09:33:36,8.84,B,3000
09:33:36,8.84,B,900
09:33:36,8.84,B,1000
09:33:36,8.84,B,1000
09:33:36,8.84,B,1000
09:33:36,8.84,B,1000
09:33:36,8.84,B,500
09:33:36,8.84,B,1100
09:33:37,8.84,B,300
09:33:37,8.83,S,700
09:33:37,8.84,B,500
09:33:37,8.84,B,100
09:33:37,8.84,B,300
09:33:37,8.84,B,500
09:33:37,8.84,B,5400
09:33:37,8.84,B,5500
09:33:37,8.84,B,2500
09:33:38,8.84,S,500
09:33:39,8.84,S,2000
09:33:39,8.84,S,10000
09:33:39,8.85,B,1100
09:33:41,8.84,S,3000
09:33:41,8.84,S,100
09:33:41,8.84,S,1000
09:33:42,8.84,S,1800
09:33:43,8.84,S,6300
09:33:44,8.84,S,1000
09:33:44,8.84,S,8000
09:33:47,8.84,S,1500
09:33:48,8.85,B,900
09:33:48,8.85,B,500
09:33:48,8.85,B,100
09:33:48,8.84,S,1000
09:33:48,8.84,S,1000
09:33:48,8.85,B,6000
09:33:48,8.85,B,300
09:33:48,8.85,B,1000
09:33:48,8.85,B,2700
09:33:49,8.85,B,1300
09:33:49,8.85,B,300
09:33:49,8.85,B,400
09:33:50,8.85,B,600
09:33:50,8.85,B,800
09:33:50,8.84,S,9700
09:33:50,8.84,S,300
09:33:50,8.84,S,500
09:33:50,8.84,S,500
09:33:50,8.84,S,300
09:33:50,8.84,S,500
09:33:50,8.84,S,1200
09:33:51,8.84,S,800
09:33:51,8.84,S,200
09:33:51,8.84,S,800
09:33:51,8.84,S,200
09:33:51,8.84,S,3200
09:33:51,8.84,S,1800
09:33:52,8.85,B,500
09:33:52,8.85,B,1500
09:33:52,8.84,S,200
09:33:52,8.84,S,200
09:33:53,8.85,B,300
09:33:53,8.85,B,800
09:33:54,8.84,S,300
09:33:54,8.84,S,500
09:33:54,8.84,S,100
09:33:54,8.84,S,100
09:33:54,8.85,B,200
09:33:55,8.85,B,200
09:33:55,8.85,B,600
09:33:55,8.85,B,1600
09:33:55,8.85,B,1000
09:33:55,8.85,B,2000
09:33:55,8.85,B,1000
09:33:55,8.85,B,2000
09:33:55,8.85,B,1000
09:33:55,8.85,B,500
09:33:55,8.85,B,1600
09:33:55,8.85,B,10000
09:33:55,8.85,B,1700
09:33:55,8.85,B,100
09:33:56,8.85,B,1900
09:33:56,8.85,B,100
09:33:56,8.85,B,1900
09:33:56,8.85,B,2500
09:33:56,8.85,B,1200
09:33:56,8.85,B,3500
09:33:56,8.85,B,100
09:33:56,8.84,S,500
09:33:56,8.84,S,800
09:33:56,8.84,S,2000
09:33:56,8.84,S,700
09:33:56,8.84,S,400
09:33:56,8.84,S,300
09:33:56,8.84,S,2000
09:33:56,8.84,S,2300
09:33:56,8.84,S,100
09:33:56,8.84,S,1400
09:33:57,8.85,B,1800
09:33:57,8.84,S,1000
09:33:57,8.84,S,100
09:33:58,8.85,B,500
09:33:58,8.84,S,200
09:33:58,8.85,B,300
09:33:58,8.84,S,3000
09:33:58,8.84,S,3100
09:33:59,8.85,B,500
09:33:59,8.85,B,7100
09:33:59,8.85,B,1000
09:33:59,8.85,B,200
09:33:59,8.85,B,2000
09:33:59,8.85,B,1000
09:33:59,8.85,B,2000
09:33:59,8.85,B,3000
09:33:59,8.85,B,2000
09:33:59,8.85,B,5000
09:33:59,8.85,B,500
09:33:59,8.85,B,3000
09:33:59,8.85,B,1000
09:33:59,8.85,B,10000
09:33:59,8.85,B,1500
09:33:59,8.85,B,300
09:33:59,8.85,B,2000
09:33:59,8.85,B,3300
09:33:59,8.85,B,1400
09:33:59,8.85,B,300
09:33:59,8.85,B,1000
09:33:59,8.85,B,500
09:33:59,8.85,B,900
09:33:59,8.85,B,9300
09:33:59,8.85,B,700
09:33:59,8.85,B,100
09:33:59,8.85,B,300
09:33:59,8.85,B,6300
09:33:59,8.85,B,900
09:33:59,8.85,B,600
09:33:59,8.85,B,1000
09:33:59,8.85,B,200
09:33:59,8.85,B,100
09:33:59,8.85,B,1000
09:33:59,8.86,B,1500
09:33:59,8.86,B,2000
09:33:59,8.86,B,3300
09:33:59,8.86,B,9700
09:33:59,8.86,B,1200
09:33:59,8.86,B,1000
09:33:59,8.86,B,1000
09:33:59,8.86,B,1500
09:33:59,8.86,B,1500
09:33:59,8.86,B,1800
09:33:59,8.86,B,2500
09:33:59,8.86,B,10000
09:33:59,8.86,B,1000
09:33:59,8.86,B,1100
09:33:59,8.86,B,10000
09:33:59,8.86,B,1000
09:33:59,8.86,B,23700
09:33:59,8.86,B,800
09:33:59,8.87,B,300
09:33:59,8.87,B,3000
09:33:59,8.87,B,3000
09:33:59,8.87,B,20000
09:33:59,8.87,B,1200
09:33:59,8.87,B,4000
09:33:59,8.87,B,5600
09:33:59,8.87,B,2000
09:33:59,8.87,B,300
09:33:59,8.87,B,3000
09:33:59,8.87,B,1000
09:33:59,8.87,B,2500
09:33:59,8.84,S,1000
09:33:59,8.84,S,2000
09:33:59,8.84,S,1400
09:34:00,8.85,S,1000
09:34:00,8.84,S,9000
09:34:00,8.85,S,1000
09:34:00,8.85,S,600
09:34:00,8.84,S,100
09:34:00,8.84,S,3500
09:34:01,8.85,S,300
09:34:02,8.85,S,200
09:34:02,8.86,B,100
09:34:03,8.85,S,100
09:34:03,8.85,S,400
09:34:03,8.85,S,100
09:34:03,8.85,S,100
09:34:03,8.85,S,200
09:34:03,8.85,S,800
09:34:03,8.85,S,1500
09:34:03,8.85,S,500
09:34:03,8.85,S,2000
09:34:03,8.85,S,200
09:34:03,8.85,S,300
09:34:03,8.85,S,200
09:34:04,8.85,B,1000
09:34:04,8.84,S,1000
09:34:04,8.85,B,1000
09:34:04,8.85,B,500
09:34:04,8.85,B,500
09:34:05,8.85,B,1500
09:34:05,8.85,B,5000
09:34:05,8.85,S,500
09:34:06,8.86,B,200
09:34:07,8.85,S,500
09:34:08,8.86,B,700
09:34:08,8.86,S,100
09:34:08,8.87,B,2000
09:34:08,8.87,B,500
09:34:08,8.87,B,2500
09:34:10,8.87,B,3800
09:34:10,8.86,S,200
09:34:10,8.85,S,300
09:34:11,8.85,S,700
09:34:11,8.85,S,1000
09:34:11,8.87,B,3600
09:34:11,8.87,B,1000
09:34:11,8.87,B,4000
09:34:11,8.87,B,400
09:34:12,8.85,S,1000
09:34:12,8.85,S,600
09:34:13,8.85,S,600
09:34:13,8.85,S,100
09:34:14,8.87,B,1100
09:34:14,8.87,B,3100
09:34:15,8.86,S,1000
09:34:16,8.86,S,1000
09:34:16,8.86,S,3100
09:34:16,8.85,S,300
09:34:16,8.85,S,700
09:34:16,8.85,S,200
09:34:16,8.85,S,5000
09:34:16,8.85,S,2000
09:34:16,8.85,S,1200
09:34:16,8.85,S,900
09:34:16,8.85,S,100
09:34:16,8.85,S,5000
09:34:16,8.85,S,2000
09:34:16,8.85,S,1500
09:34:16,8.85,S,600
09:34:16,8.85,S,100
09:34:16,8.85,S,500
09:34:16,8.85,S,2000
09:34:16,8.85,S,500
09:34:16,8.85,S,4000
09:34:16,8.85,S,300
09:34:16,8.85,S,17700
09:34:16,8.85,S,200
09:34:16,8.85,S,1400
09:34:16,8.85,S,1000
09:34:16,8.85,S,100
09:34:16,8.85,S,100
09:34:16,8.85,S,200
09:34:16,8.85,S,300
09:34:16,8.85,S,5000
09:34:16,8.85,S,500
09:34:16,8.85,S,1000
09:34:16,8.85,S,300
09:34:16,8.85,S,500
09:34:16,8.85,S,200
09:34:16,8.85,S,3600
09:34:16,8.85,S,1000
09:34:16,8.85,S,1500
09:34:16,8.85,S,15400
09:34:16,8.85,S,8800
09:34:17,8.87,B,1000
09:34:17,8.87,B,900
09:34:17,8.85,S,3700
09:34:18,8.85,S,500
09:34:18,8.85,S,400
09:34:18,8.85,S,1100
09:34:18,8.87,B,500
09:34:19,8.86,S,600
09:34:20,8.87,B,1200
09:34:20,8.86,S,300
09:34:20,8.86,S,800
09:34:20,8.86,S,200
09:34:21,8.86,S,1000
09:34:21,8.87,B,600
09:34:22,8.87,B,700
09:34:22,8.87,B,2500
09:34:22,8.86,S,300
09:34:22,8.86,S,700
09:34:22,8.86,S,1800
09:34:22,8.86,S,2000
09:34:22,8.86,S,10000
09:34:22,8.86,S,2000
09:34:22,8.86,S,200
09:34:22,8.86,S,500
09:34:22,8.85,S,500
09:34:22,8.85,S,500
09:34:22,8.85,S,10000
09:34:22,8.85,S,200
09:34:22,8.85,S,100
09:34:22,8.85,S,400
09:34:22,8.85,S,1800
09:34:23,8.85,S,200
09:34:23,8.85,S,800
09:34:23,8.85,S,100
09:34:23,8.85,S,200
09:34:23,8.87,B,2000
09:34:23,8.87,B,500
09:34:23,8.87,B,1500
09:34:24,8.87,B,1000
09:34:24,8.85,S,300
09:34:24,8.85,S,200
09:34:24,8.87,B,2500
09:34:24,8.87,B,2000
09:34:24,8.87,B,1100
09:34:24,8.87,B,3000
09:34:24,8.87,B,900
09:34:24,8.87,B,1100
09:34:24,8.87,B,2000
09:34:24,8.87,B,1000
09:34:24,8.87,B,3700
09:34:24,8.87,B,400
09:34:24,8.87,B,500
09:34:24,8.87,B,6100
09:34:24,8.87,B,700
09:34:24,8.87,B,5800
09:34:24,8.87,B,200
09:34:24,8.87,B,2000
09:34:24,8.87,B,400
09:34:24,8.87,B,2000
09:34:24,8.87,B,3000
09:34:24,8.87,B,1000
09:34:25,8.87,S,2300
09:34:26,8.87,S,2400
09:34:26,8.87,S,2000
09:34:26,8.87,S,5000
09:34:26,8.87,S,200
09:34:26,8.87,S,2300
09:34:27,8.87,S,2800
09:34:27,8.86,S,500
09:34:27,8.86,S,1000
09:34:27,8.86,S,1700
09:34:27,8.88,B,1400
09:34:27,8.87,B,600
09:34:27,8.87,B,300
09:34:27,8.87,B,900
09:34:28,8.86,S,2300
09:34:29,8.86,S,500
09:34:29,8.86,S,3000
09:34:29,8.87,B,2500
09:34:29,8.87,B,1000
09:34:30,8.87,B,300
09:34:30,8.87,B,9100
09:34:30,8.86,S,2000
09:34:30,8.87,B,2000
09:34:30,8.87,B,3300
09:34:30,8.87,B,100
09:34:30,8.87,S,1000
09:34:30,8.87,S,1100
09:34:30,8.87,S,200
09:34:31,8.87,S,500
09:34:32,8.88,B,4700
09:34:32,8.87,S,500
09:34:33,8.87,S,400
09:34:33,8.87,S,100
09:34:33,8.87,S,500
09:34:33,8.87,S,900
09:34:34,8.88,B,100
09:34:34,8.88,B,2800
09:34:34,8.87,S,600
09:34:34,8.87,S,200
09:34:35,8.88,B,800
09:34:35,8.87,S,2000
09:34:35,8.87,S,500
09:34:35,8.87,S,200
09:34:35,8.87,S,7300
09:34:35,8.88,B,200
09:34:35,8.87,S,600
09:34:36,8.88,B,500
09:34:37,8.88,B,1400
09:34:37,8.87,S,20000
09:34:37,8.87,S,2100
09:34:37,8.87,S,900
09:34:37,8.87,S,500
09:34:37,8.87,S,1100
09:34:37,8.87,S,5000
09:34:38,8.87,S,1000
09:34:38,8.87,S,9500
09:34:38,8.87,S,300
09:34:38,8.87,S,200
09:34:38,8.87,S,1000
09:34:38,8.87,S,400
09:34:38,8.87,S,5000
09:34:38,8.87,S,600
09:34:38,8.87,S,4000
09:34:39,8.87,S,500
09:34:39,8.87,S,1100
09:34:39,8.88,B,300
09:34:39,8.88,B,4700
09:34:39,8.88,B,300
09:34:41,8.88,B,100
09:34:41,8.88,B,1100
09:34:41,8.88,B,2000
09:34:41,8.88,B,700
09:34:41,8.88,B,6200
09:34:41,8.88,B,2800
09:34:41,8.87,S,2000
09:34:41,8.87,S,600
09:34:41,8.88,B,5400
09:34:41,8.87,S,450
09:34:42,8.88,B,1000
09:34:43,8.88,B,2000
09:34:43,8.87,S,2200
09:34:43,8.88,B,100
09:34:43,8.87,S,1000
09:34:43,8.88,B,2500
09:34:43,8.88,B,1200
09:34:43,8.88,B,1500
09:34:43,8.88,B,400
09:34:44,8.88,B,800
09:34:44,8.87,S,500
09:34:44,8.88,B,200
09:34:44,8.87,S,4000
09:34:44,8.88,B,100
09:34:44,8.88,B,200
09:34:45,8.88,B,500
09:34:45,8.88,B,1300
09:34:45,8.88,B,800
09:34:45,8.88,B,200
09:34:45,8.88,B,2000
09:34:45,8.88,B,1200
09:34:45,8.88,B,1000
09:34:45,8.88,B,5800
09:34:45,8.88,B,2000
09:34:45,8.88,B,3000
09:34:45,8.88,B,200
09:34:45,8.88,B,900
09:34:45,8.88,B,1000
09:34:45,8.88,B,2700
09:34:45,8.87,S,2000
09:34:45,8.88,B,300
09:34:46,8.88,B,200
09:34:47,8.88,B,5000
09:34:47,8.88,B,1000
09:34:47,8.88,B,500
09:34:47,8.88,B,1000
09:34:47,8.88,B,500
09:34:47,8.88,B,1000
09:34:47,8.88,B,7000
09:34:47,8.88,B,100
09:34:47,8.88,B,1500
09:34:47,8.87,S,1650
09:34:47,8.87,S,1950
09:34:47,8.88,B,500
09:34:47,8.88,B,300
09:34:47,8.88,B,200
09:34:47,8.88,B,1000
09:34:48,8.88,B,1500
09:34:48,8.88,B,100
09:34:48,8.88,B,500
09:34:48,8.88,B,1000
09:34:48,8.88,B,4900
09:34:48,8.88,B,1100
09:34:48,8.88,B,2000
09:34:49,8.88,B,500
09:34:49,8.88,B,500
09:34:49,8.88,B,500
09:34:49,8.88,B,500
09:34:49,8.88,B,400
09:34:49,8.88,B,100
09:34:49,8.88,B,400
09:34:49,8.88,B,100
09:34:49,8.88,B,900
09:34:49,8.88,B,700
09:34:49,8.88,B,1000
09:34:49,8.88,B,2800
09:34:50,8.87,S,200
09:34:50,8.87,S,300
09:34:51,8.87,S,1050
09:34:51,8.87,S,950
09:34:51,8.88,B,2200
09:34:51,8.88,B,1000
09:34:51,8.88,B,1000
09:34:51,8.88,B,2000
09:34:51,8.88,B,100
09:34:51,8.88,B,200
09:34:51,8.88,B,1000
09:34:51,8.88,B,500
09:34:51,8.88,B,300
09:34:51,8.88,B,500
09:34:52,8.88,S,400
09:34:52,8.87,S,1050
09:34:52,8.87,S,550
09:34:52,8.87,S,950
09:34:52,8.87,S,50
09:34:52,8.87,S,200
09:34:52,8.87,S,750
09:34:52,8.87,S,250
09:34:52,8.88,B,300
09:34:53,8.88,S,200
09:34:53,8.87,S,750
09:34:53,8.87,S,1750
09:34:53,8.88,S,1000
09:34:53,8.88,S,1500
09:34:54,8.88,S,3200
09:34:54,8.88,S,300
09:34:54,8.88,S,2000
09:34:54,8.87,S,2300
09:34:54,8.89,B,500
09:34:56,8.88,S,900
09:34:56,8.89,B,1900
09:34:56,8.89,B,500
09:34:56,8.89,B,1000
09:34:56,8.89,B,1000
09:34:56,8.89,B,500
09:34:56,8.89,B,700
09:34:56,8.89,B,500
09:34:56,8.89,B,1200
09:34:56,8.89,B,100
09:34:56,8.89,B,500
09:34:56,8.89,B,700
09:34:56,8.89,B,41400
09:34:56,8.89,B,100
09:34:56,8.88,S,1000
09:34:56,8.88,S,1000
09:34:58,8.88,S,1500
09:34:58,8.88,S,600
09:34:58,8.88,S,500
09:34:58,8.88,S,500
09:34:58,8.88,S,700
09:34:58,8.88,S,9300
09:34:58,8.88,S,8800
09:34:59,8.88,S,4000
09:34:59,8.88,S,1100
09:34:59,8.88,S,100
09:34:59,8.88,S,900
09:34:59,8.88,S,700
09:34:59,8.88,S,1000
09:34:59,8.88,S,800
09:34:59,8.88,S,300
09:34:59,8.88,S,100
09:35:00,8.88,S,200
09:35:00,8.88,S,100
09:35:00,8.89,B,8500
09:35:00,8.89,B,200
09:35:00,8.89,B,1000
09:35:00,8.89,B,500
09:35:00,8.89,B,2200
09:35:00,8.89,B,5000
09:35:00,8.89,B,2600
09:35:00,8.88,S,900
09:35:00,8.88,S,100
09:35:00,8.88,S,500
09:35:00,8.88,S,2300
09:35:00,8.88,S,3600
09:35:00,8.88,S,2000
09:35:00,8.88,S,1000
09:35:01,8.89,B,400
09:35:01,8.89,B,600
09:35:01,8.88,S,200
09:35:01,8.88,S,1000
09:35:01,8.88,S,200
09:35:01,8.88,S,800
09:35:01,8.88,S,2000
09:35:01,8.88,S,400
09:35:01,8.89,B,400
09:35:01,8.89,B,40000
09:35:01,8.89,B,7000
09:35:01,8.89,B,200
09:35:01,8.89,B,3000
09:35:01,8.89,B,30000
09:35:01,8.89,B,1000
09:35:01,8.89,B,3000
09:35:01,8.89,B,5000
09:35:01,8.89,S,1000
09:35:02,8.89,S,2000
09:35:02,8.9,B,500
09:35:02,8.89,S,400
09:35:02,8.89,S,8300
09:35:03,8.89,S,5000
09:35:03,8.89,S,50000
09:35:03,8.89,S,4600
09:35:03,8.89,S,500
09:35:03,8.89,S,5000
09:35:04,8.89,S,20000
09:35:04,8.89,S,2000
09:35:04,8.89,S,400
09:35:04,8.9,B,3500
09:35:04,8.9,B,300
09:35:05,8.9,B,700
09:35:05,8.89,S,100
09:35:05,8.9,B,500
09:35:06,8.89,S,2000
09:35:06,8.9,B,1100
09:35:07,8.89,S,1000
09:35:07,8.89,S,1000
09:35:08,8.89,S,2500
09:35:08,8.9,B,300
09:35:08,8.89,S,200
09:35:08,8.89,S,1000
09:35:08,8.89,S,100
09:35:08,8.89,S,1000
09:35:09,8.9,B,1100
09:35:09,8.9,B,300
09:35:09,8.9,B,400
09:35:09,8.9,B,3800
09:35:09,8.9,B,500
09:35:09,8.9,B,1600
09:35:09,8.9,B,300
09:35:09,8.9,B,200
09:35:09,8.9,B,800
09:35:09,8.9,B,200
09:35:09,8.9,B,300
09:35:09,8.9,B,300
09:35:09,8.89,S,2300
09:35:09,8.89,S,100
09:35:09,8.89,S,7600
09:35:09,8.9,B,1200
09:35:09,8.9,B,900
09:35:10,8.9,B,100
09:35:10,8.9,B,5000
09:35:11,8.89,S,4000
09:35:11,8.9,B,4900
09:35:11,8.9,B,1200
09:35:11,8.9,B,1000
09:35:11,8.9,B,300
09:35:11,8.9,B,1000
09:35:11,8.9,B,500
09:35:11,8.9,B,1300
09:35:12,8.89,S,1800
09:35:12,8.89,S,2000
09:35:12,8.89,S,300
09:35:12,8.89,S,1200
09:35:12,8.89,S,1800
09:35:13,8.9,B,300
09:35:13,8.89,S,700
09:35:13,8.89,S,2200
09:35:14,8.89,S,800
09:35:14,8.89,S,200
09:35:14,8.89,S,1500
09:35:14,8.89,S,100
09:35:14,8.89,S,1000
09:35:14,8.89,S,400
09:35:14,8.89,S,1000
09:35:15,8.9,B,3400
09:35:15,8.9,B,1700
09:35:15,8.9,B,500
09:35:15,8.9,B,4400
09:35:15,8.9,B,400
09:35:15,8.89,S,1600
09:35:15,8.89,S,500
09:35:15,8.89,S,700
09:35:16,8.9,B,200
09:35:16,8.89,S,1000
09:35:16,8.9,B,500
09:35:16,8.9,B,300
09:35:16,8.89,S,300
09:35:16,8.9,B,2100
09:35:16,8.9,B,100
09:35:16,8.9,B,3000
09:35:16,8.9,B,200
09:35:16,8.9,B,2000
09:35:16,8.9,B,300
09:35:16,8.9,B,2000
09:35:16,8.9,B,900
09:35:16,8.9,B,10000
09:35:16,8.9,B,1000
09:35:16,8.9,B,10000
09:35:16,8.9,B,3300
09:35:16,8.9,B,1000
09:35:16,8.9,B,300
09:35:16,8.9,B,100
09:35:16,8.9,B,500
09:35:16,8.9,B,1500
09:35:16,8.9,B,1000
09:35:16,8.9,B,1000
09:35:16,8.9,B,800
09:35:16,8.9,B,500
09:35:16,8.9,B,4500
09:35:16,8.9,B,3900
09:35:16,8.9,B,100
09:35:16,8.9,B,2000
09:35:16,8.9,B,200
09:35:16,8.9,B,1800
09:35:16,8.9,B,200
09:35:16,8.9,B,500
09:35:16,8.9,B,1000
09:35:16,8.9,B,700
09:35:17,8.89,S,800
09:35:17,8.89,S,1800
09:35:17,8.89,S,800
09:35:17,8.89,S,1400
09:35:17,8.89,S,600
09:35:17,8.9,B,100
09:35:18,8.89,S,300
09:35:18,8.9,B,1200
09:35:18,8.9,B,800
09:35:18,8.9,B,100
09:35:19,8.9,B,900
09:35:19,8.89,S,9100
09:35:19,8.89,S,100
09:35:19,8.89,S,15300
09:35:19,8.89,S,500
09:35:19,8.89,S,800
09:35:19,8.89,S,5600
09:35:19,8.89,S,15000
09:35:19,8.89,S,200
09:35:19,8.89,S,300
09:35:19,8.89,S,500
09:35:19,8.89,S,500
09:35:19,8.89,S,1000
09:35:19,8.89,S,5900
09:35:19,8.89,S,1000
09:35:19,8.89,S,1900
09:35:19,8.89,S,1100
09:35:19,8.89,S,900
09:35:19,8.89,S,200
09:35:19,8.89,S,2000
09:35:19,8.89,S,3400
09:35:19,8.89,S,1000
09:35:19,8.89,S,100
09:35:19,8.89,S,600
09:35:19,8.89,S,500
09:35:19,8.89,S,2000
09:35:19,8.89,S,1000
09:35:19,8.89,S,300
09:35:19,8.89,B,1000
09:35:19,8.89,B,3800
09:35:19,8.89,B,1400
09:35:20,8.89,B,2000
09:35:20,8.89,B,2500
09:35:20,8.89,B,100
09:35:20,8.89,B,400
09:35:21,8.88,S,100
09:35:21,8.88,S,100
09:35:21,8.89,B,6100
09:35:21,8.88,S,2000
09:35:21,8.89,B,500
09:35:21,8.89,B,2000
09:35:21,8.89,B,1300
09:35:21,8.89,B,1000
09:35:22,8.89,B,200
09:35:22,8.89,B,500
09:35:22,8.89,B,100
09:35:22,8.89,B,1000
09:35:23,8.89,B,400
09:35:23,8.89,B,600
09:35:23,8.89,B,200
09:35:23,8.89,B,2600
09:35:24,8.89,B,400
09:35:24,8.88,S,400
09:35:24,8.89,B,14200
09:35:24,8.89,B,500
09:35:24,8.89,B,700
09:35:24,8.89,B,14800
09:35:25,8.89,B,1000
09:35:25,8.89,B,2000
09:35:25,8.89,B,300
09:35:25,8.89,B,2000
09:35:25,8.89,B,600
09:35:25,8.89,B,500
09:35:25,8.88,S,2500
09:35:25,8.89,B,200
09:35:25,8.89,B,500
09:35:25,8.89,B,700
09:35:26,8.89,B,700
09:35:26,8.89,B,10000
09:35:26,8.89,B,1000
09:35:26,8.89,B,1000
09:35:28,8.89,B,1000
09:35:28,8.89,B,800
09:35:28,8.89,B,2500
09:35:28,8.89,B,300
09:35:28,8.89,B,2000
09:35:28,8.89,B,400
09:35:29,8.89,B,15700
09:35:29,8.89,B,900
09:35:29,8.89,B,11700
09:35:29,8.89,B,100
09:35:29,8.89,B,2000
09:35:29,8.89,B,8700
09:35:29,8.89,B,300
09:35:30,8.89,B,700
09:35:30,8.89,B,1500
09:35:30,8.89,B,10000
09:35:30,8.89,B,5000
09:35:30,8.89,B,1000
09:35:30,8.89,B,1000
09:35:31,8.88,S,500
09:35:31,8.89,B,1400
09:35:31,8.89,B,2000
09:35:31,8.89,B,1500
09:35:31,8.89,B,200
09:35:31,8.89,B,1000
09:35:31,8.89,B,13000
09:35:31,8.89,B,1000
09:35:31,8.89,B,1800
09:35:31,8.89,B,2000
09:35:31,8.89,B,600
09:35:31,8.89,B,1000
09:35:31,8.89,B,3000
09:35:31,8.89,B,1000
09:35:31,8.89,B,600
09:35:32,8.89,B,2400
09:35:32,8.89,B,1200
09:35:32,8.89,B,500
09:35:32,8.89,B,1000
09:35:32,8.89,B,500
09:35:32,8.89,B,1000
09:35:32,8.89,B,50000
09:35:32,8.9,B,8200
09:35:32,8.9,B,1900
09:35:32,8.9,B,2100
09:35:32,8.9,B,500
09:35:32,8.9,B,1800
09:35:32,8.9,B,1900
09:35:32,8.9,B,1900
09:35:32,8.9,B,5000
09:35:32,8.9,B,1200
09:35:32,8.9,B,1000
09:35:32,8.9,B,500
09:35:32,8.9,B,500
09:35:32,8.9,B,6100
09:35:32,8.9,B,400
09:35:32,8.9,B,300
09:35:32,8.9,B,900
09:35:32,8.9,B,4000
09:35:32,8.9,B,1000
09:35:32,8.9,B,1200
09:35:32,8.9,B,1200
09:35:32,8.9,B,1800
09:35:32,8.89,B,100
09:35:32,8.9,B,2000
09:35:32,8.89,S,400
09:35:33,8.89,B,100
09:35:33,8.9,B,100
09:35:33,8.9,B,3000
09:35:33,8.9,B,600
09:35:33,8.9,B,300
09:35:33,8.9,B,700
09:35:33,8.88,S,1500
09:35:33,8.88,S,100
09:35:33,8.88,S,100
09:35:33,8.88,S,1400
09:35:33,8.9,B,300
09:35:33,8.9,B,1000
09:35:33,8.9,B,200
09:35:33,8.9,B,1000
09:35:33,8.89,B,1000
09:35:33,8.89,B,1000
09:35:33,8.88,S,1000
09:35:33,8.89,B,500
09:35:34,8.89,B,1500
09:35:34,8.9,B,3800
09:35:34,8.9,B,2200
09:35:34,8.9,B,1000
09:35:34,8.9,B,1500
09:35:34,8.9,B,100
09:35:34,8.89,B,3000
09:35:34,8.9,B,400
09:35:34,8.9,B,200
09:35:34,8.9,B,800
09:35:34,8.9,B,100
09:35:34,8.9,S,500
09:35:35,8.9,S,500
09:35:35,8.9,S,700
09:35:35,8.89,S,300
09:35:35,8.89,S,2000
09:35:36,8.9,S,500
09:35:36,8.9,S,500
09:35:36,8.9,S,100
09:35:36,8.89,S,100
09:35:36,8.9,S,100
09:35:36,8.89,S,900
09:35:37,8.9,B,1000
09:35:37,8.9,B,300
09:35:37,8.9,B,1700
09:35:37,8.9,S,500
09:35:37,8.9,S,1000
09:35:38,8.9,S,500
09:35:39,8.9,S,500
09:35:39,8.9,S,5800
09:35:39,8.9,S,400
09:35:40,8.9,S,500
09:35:41,8.9,S,1300
09:35:41,8.9,S,1400
09:35:41,8.9,S,2600
09:35:41,8.9,S,400
09:35:41,8.9,S,2600
09:35:41,8.9,S,2000
09:35:42,8.9,S,2100
09:35:43,8.9,S,500
09:35:43,8.9,S,300
09:35:43,8.9,S,2000
09:35:43,8.9,S,100
09:35:43,8.9,S,400
09:35:43,8.9,S,3200
09:35:43,8.9,S,100
09:35:43,8.9,S,1000
09:35:43,8.9,S,1000
09:35:43,8.9,S,900
09:35:43,8.9,S,1500
09:35:43,8.9,S,300
09:35:43,8.9,S,500
09:35:44,8.9,S,4000
09:35:44,8.9,S,500
09:35:44,8.9,S,1000
09:35:44,8.9,S,400
09:35:44,8.9,S,100
09:35:44,8.9,S,1900
09:35:44,8.89,S,100
09:35:45,8.89,S,700
09:35:45,8.89,S,800
09:35:45,8.89,S,1000
09:35:45,8.89,S,500
09:35:45,8.89,S,500
09:35:45,8.89,S,5000
09:35:45,8.89,S,4000
09:35:45,8.89,S,200
09:35:45,8.89,S,200
09:35:45,8.89,S,3800
09:35:45,8.89,S,200
09:35:45,8.89,S,200
09:35:45,8.89,S,1000
09:35:45,8.89,S,200
09:35:45,8.89,S,4500
09:35:45,8.89,S,200
09:35:45,8.89,S,100
09:35:45,8.89,S,2300
09:35:45,8.89,S,1200
09:35:45,8.89,S,600
09:35:45,8.89,S,500
09:35:45,8.89,S,1000
09:35:45,8.89,S,300
09:35:45,8.89,S,4000
09:35:45,8.9,B,500
09:35:46,8.9,B,1500
09:35:46,8.9,B,800
09:35:46,8.9,B,100
09:35:46,8.91,B,1000
09:35:46,8.91,B,1200
09:35:46,8.91,B,1000
09:35:46,8.91,B,3000
09:35:46,8.91,B,400
09:35:46,8.91,B,4000
09:35:46,8.91,B,2500
09:35:46,8.91,B,500
09:35:46,8.89,S,1500
09:35:46,8.89,S,1500
09:35:46,8.9,B,2000
09:35:46,8.9,B,1000
09:35:47,8.9,B,5000
09:35:47,8.9,B,900
09:35:47,8.91,B,100
09:35:47,8.9,S,1000
09:35:47,8.9,S,200
09:35:48,8.89,S,500
09:35:48,8.89,S,200
09:35:48,8.89,S,800
09:35:48,8.9,B,18800
09:35:48,8.9,B,1800
09:35:48,8.9,B,6800
09:35:48,8.89,S,200
09:35:48,8.89,S,200
09:35:48,8.89,S,500
09:35:48,8.89,S,500
09:35:48,8.89,S,100
09:35:48,8.89,S,600
09:35:49,8.9,B,1500
09:35:49,8.89,S,300
09:35:49,8.89,S,2000
09:35:49,8.89,S,1000
09:35:49,8.89,S,500
09:35:49,8.89,S,100
09:35:51,8.89,S,400
09:35:51,8.89,S,1000
09:35:51,8.89,S,3600
09:35:52,8.9,B,1700
09:35:52,8.9,B,500
09:35:52,8.9,B,1000
09:35:52,8.9,B,500
09:35:52,8.9,B,1000
09:35:52,8.9,B,9200
09:35:52,8.9,B,1000
09:35:52,8.91,B,400
09:35:52,8.91,B,500
09:35:52,8.91,B,500
09:35:52,8.91,B,2000
09:35:52,8.91,B,100
09:35:52,8.91,B,2000
09:35:52,8.91,B,1000
09:35:52,8.91,B,600
09:35:52,8.91,B,6100
09:35:52,8.91,B,1000
09:35:52,8.91,S,8900
09:35:52,8.92,B,700
09:35:52,8.92,B,1000
09:35:52,8.92,B,2000
09:35:52,8.92,B,1300
09:35:52,8.92,B,700
09:35:52,8.92,B,100
09:35:52,8.92,B,1500
09:35:52,8.92,B,5000
09:35:52,8.92,B,800
09:35:52,8.92,B,1000
09:35:52,8.92,B,5000
09:35:52,8.92,B,3400
09:35:52,8.92,B,1500
09:35:52,8.92,B,1200
09:35:52,8.92,B,3000
09:35:52,8.92,B,300
09:35:52,8.92,B,500
09:35:52,8.92,B,3000
09:35:52,8.92,B,3000
09:35:52,8.91,S,5100
09:35:52,8.91,S,111900
09:35:52,8.91,S,5500
09:35:52,8.91,S,400
09:35:52,8.9,S,500
09:35:52,8.91,B,3300
09:35:52,8.9,S,100
09:35:52,8.89,S,400
09:35:53,8.89,S,1000
09:35:53,8.89,S,500
09:35:53,8.89,S,500
09:35:53,8.89,S,500
09:35:53,8.9,B,500
09:35:53,8.9,B,500
09:35:53,8.9,B,500
09:35:53,8.89,S,2000
09:35:53,8.9,B,9600
09:35:53,8.91,B,1000
09:35:54,8.9,S,400
09:35:54,8.9,B,1500
09:35:54,8.9,B,500
09:35:54,8.9,S,1000
09:35:54,8.9,S,2000
09:35:54,8.9,S,500
09:35:55,8.91,B,3000
09:35:55,8.91,B,1200
09:35:55,8.9,S,1000
09:35:55,8.91,B,6200
09:35:55,8.9,S,400
09:35:55,8.9,S,2000
09:35:55,8.9,S,1100
09:35:55,8.89,S,100
09:35:55,8.91,B,200
09:35:56,8.9,S,100
09:35:56,8.9,S,3600
09:35:56,8.9,B,800
09:35:56,8.9,B,200
09:35:56,8.9,B,200
09:35:56,8.9,B,100
09:35:56,8.91,B,400
09:35:56,8.9,B,1400
09:35:56,8.9,B,300
09:35:56,8.9,B,300
09:35:56,8.91,B,9700
09:35:57,8.9,B,1000
09:35:57,8.9,B,900
09:35:57,8.9,B,100
09:35:57,8.9,B,400
09:35:57,8.9,B,100
09:35:58,8.9,B,500
09:35:58,8.9,S,400
09:35:58,8.9,S,100
09:35:58,8.91,B,400
09:35:58,8.9,S,1000
09:35:58,8.9,S,4000
09:35:58,8.9,S,300
09:35:59,8.9,S,3000
09:35:59,8.9,S,1000
09:35:59,8.91,B,2000
09:36:00,8.9,S,500
09:36:00,8.9,S,11200
09:36:00,8.9,S,100
09:36:00,8.9,S,100
09:36:00,8.9,S,1000
09:36:00,8.9,S,500
09:36:00,8.89,S,27100
09:36:00,8.89,S,600
09:36:00,8.9,S,300
09:36:00,8.9,B,500
09:36:00,8.91,B,100
09:36:01,8.9,S,2400
09:36:01,8.89,S,7600
09:36:01,8.9,B,300
09:36:01,8.9,B,500
09:36:01,8.9,B,5000
09:36:02,8.9,B,2000
09:36:02,8.9,B,100
09:36:02,8.89,S,500
09:36:02,8.89,S,1000
09:36:02,8.9,B,300
09:36:02,8.89,S,2500
09:36:03,8.9,B,1800
09:36:03,8.9,B,5000
09:36:03,8.9,B,2800
09:36:03,8.9,B,100
09:36:04,8.9,B,400
09:36:04,8.9,B,200
09:36:04,8.9,B,1000
09:36:04,8.9,B,600
09:36:04,8.9,B,1200
09:36:04,8.9,B,800
09:36:05,8.9,B,1000
09:36:05,8.9,B,500
09:36:05,8.9,B,100
09:36:05,8.9,B,1500
09:36:05,8.9,B,700
09:36:05,8.9,B,100
09:36:05,8.89,S,600
09:36:06,8.9,B,3000
09:36:06,8.9,B,300
09:36:06,8.9,B,1000
09:36:06,8.89,S,5500
09:36:06,8.9,B,1000
09:36:06,8.89,S,100
09:36:06,8.89,S,100
09:36:06,8.9,B,300
09:36:06,8.9,B,1000
09:36:07,8.9,B,300
09:36:07,8.9,B,1100
09:36:07,8.9,B,900
09:36:07,8.9,B,10000
09:36:07,8.9,B,300
09:36:07,8.9,B,2500
09:36:07,8.9,B,1800
09:36:07,8.9,B,300
09:36:08,8.9,S,200
09:36:08,8.9,S,200
09:36:08,8.9,S,500
09:36:09,8.9,S,2000
09:36:09,8.9,S,1200
09:36:09,8.91,B,500
09:36:09,8.91,B,1000
09:36:09,8.9,S,2000
09:36:10,8.9,S,500
09:36:10,8.9,S,800
09:36:10,8.91,B,10000
09:36:10,8.9,S,300
09:36:10,8.9,S,1000
09:36:11,8.9,S,500
09:36:11,8.9,S,10900
09:36:11,8.9,S,500
09:36:11,8.91,B,100
09:36:12,8.9,S,500
09:36:12,8.91,B,20000
09:36:12,8.91,B,200
09:36:12,8.9,S,4700
09:36:12,8.9,S,800
09:36:12,8.9,S,4500
09:36:12,8.9,S,2000
09:36:12,8.9,S,1800
09:36:12,8.9,S,1000
09:36:12,8.91,B,100
09:36:12,8.9,S,8900
09:36:12,8.91,B,1000
09:36:13,8.9,S,1000
09:36:13,8.9,S,800
09:36:13,8.9,S,1200
09:36:13,8.9,S,3000
09:36:14,8.9,S,600
09:36:14,8.9,S,2000
09:36:14,8.9,S,900
09:36:14,8.9,S,100
09:36:14,8.91,B,200
09:36:14,8.9,S,100
09:36:14,8.9,S,200
09:36:14,8.9,S,4800
09:36:14,8.9,S,3100
09:36:14,8.9,S,500
09:36:14,8.9,S,1000
09:36:14,8.9,S,400
09:36:14,8.9,S,100
09:36:14,8.9,S,100
09:36:15,8.9,S,100
09:36:15,8.9,S,500
09:36:15,8.9,S,400
09:36:15,8.91,B,2000
09:36:15,8.9,S,2000
09:36:15,8.9,S,500
09:36:16,8.91,B,5000
09:36:16,8.9,S,1000
09:36:16,8.9,S,2600
09:36:16,8.9,S,3900
09:36:16,8.9,S,4700
09:36:16,8.9,S,400
09:36:16,8.9,S,3200
09:36:16,8.9,S,100
09:36:16,8.9,S,2000
09:36:16,8.9,S,5000
09:36:16,8.9,S,700
09:36:16,8.9,S,1000
09:36:17,8.9,S,1400
09:36:17,8.91,B,3000
09:36:17,8.9,S,1000
09:36:17,8.9,S,100
09:36:18,8.91,B,1000
09:36:18,8.9,S,2500
09:36:18,8.9,S,800
09:36:18,8.9,S,2500
09:36:18,8.9,S,500
09:36:18,8.9,S,4500
09:36:18,8.9,S,1000
09:36:18,8.9,S,2800
09:36:18,8.9,S,4200
09:36:19,8.91,B,100
09:36:19,8.91,B,200
09:36:19,8.9,S,200
09:36:19,8.9,S,700
09:36:19,8.9,S,600
09:36:19,8.9,S,1900
09:36:19,8.9,S,300
09:36:19,8.91,B,400
09:36:19,8.9,S,1000
09:36:19,8.9,S,2500
09:36:19,8.9,S,2400
09:36:19,8.9,S,10000
09:36:19,8.9,S,100
09:36:19,8.9,S,1000
09:36:19,8.9,S,2000
09:36:19,8.9,S,3100
09:36:19,8.9,S,800
09:36:19,8.9,S,300
09:36:19,8.9,S,5000
09:36:19,8.9,S,1000
09:36:19,8.9,S,1000
09:36:19,8.9,S,400
09:36:19,8.9,S,500
09:36:19,8.9,S,300
09:36:19,8.9,S,300
09:36:19,8.9,S,1000
09:36:19,8.9,S,7400
09:36:19,8.9,S,1000
09:36:19,8.9,S,200
09:36:19,8.9,S,800
09:36:19,8.9,S,1000
09:36:19,8.9,S,300
09:36:19,8.9,S,500
09:36:19,8.9,B,1000
09:36:19,8.9,B,500
09:36:19,8.9,B,10000
09:36:19,8.9,B,1000
09:36:20,8.9,B,100
09:36:20,8.9,B,10000
09:36:20,8.9,B,1000
09:36:20,8.89,S,400
09:36:21,8.9,B,1000
09:36:21,8.9,B,300
09:36:21,8.9,B,200
09:36:21,8.89,S,13600
09:36:21,8.89,S,100
09:36:21,8.89,S,2000
09:36:21,8.89,S,1200
09:36:21,8.89,S,2000
09:36:21,8.89,S,400
09:36:21,8.89,S,6700
09:36:21,8.89,S,9000
09:36:21,8.89,S,5000
09:36:21,8.89,S,1000
09:36:21,8.89,S,10000
09:36:21,8.89,S,300
09:36:21,8.89,S,500
09:36:21,8.89,S,1200
09:36:21,8.89,S,3000
09:36:21,8.89,S,5000
09:36:21,8.89,S,1000
09:36:21,8.89,S,100
09:36:21,8.89,S,5000
09:36:21,8.89,S,1600
09:36:21,8.89,S,2000
09:36:21,8.89,S,3600
09:36:21,8.89,S,500
09:36:21,8.89,S,1000
09:36:21,8.89,S,1000
09:36:21,8.89,S,2200
09:36:21,8.89,S,2600
09:36:21,8.89,S,200
09:36:21,8.89,S,500
09:36:21,8.89,S,400
09:36:21,8.89,S,1000
09:36:21,8.89,S,6000
09:36:21,8.89,S,200
09:36:21,8.89,S,900
09:36:21,8.89,S,500
09:36:21,8.89,S,1900
09:36:21,8.89,S,5500
09:36:21,8.89,S,500
09:36:21,8.89,S,200
09:36:21,8.89,S,600
09:36:21,8.9,B,1200
09:36:21,8.9,B,500
09:36:21,8.9,B,1000
09:36:22,8.89,S,700
09:36:22,8.9,B,1000
09:36:22,8.9,B,1000
09:36:22,8.9,B,100
09:36:22,8.89,S,2000
09:36:22,8.9,B,2000
09:36:22,8.89,S,1000
09:36:22,8.9,B,100
09:36:22,8.89,S,700
09:36:22,8.89,S,1200
09:36:22,8.89,S,100
09:36:23,8.9,B,200
09:36:23,8.9,B,2000
09:36:23,8.9,B,600
09:36:23,8.9,B,5000
09:36:23,8.9,B,23000
09:36:23,8.9,B,2000
09:36:23,8.9,B,500
09:36:23,8.9,B,400
09:36:23,8.9,B,3000
09:36:24,8.9,B,1500
09:36:24,8.9,B,500
09:36:24,8.9,B,100
09:36:24,8.9,B,200
09:36:24,8.9,B,500
09:36:24,8.9,B,400
09:36:24,8.9,B,800
09:36:24,8.9,B,4200
09:36:24,8.9,B,300
09:36:25,8.9,B,500
09:36:25,8.89,S,400
09:36:25,8.89,S,1000
09:36:25,8.89,S,600
09:36:25,8.89,S,300
09:36:25,8.9,B,200
09:36:25,8.9,B,700
09:36:25,8.9,B,100
09:36:25,8.9,B,900
09:36:25,8.9,B,900
09:36:25,8.9,B,3000
09:36:25,8.9,B,1000
09:36:25,8.9,B,1000
09:36:25,8.9,B,3400
09:36:25,8.9,B,500
09:36:25,8.9,B,800
09:36:25,8.89,S,400
09:36:26,8.9,B,500
09:36:26,8.9,B,300
09:36:26,8.9,B,2200
09:36:26,8.89,S,200
09:36:26,8.89,S,5000
09:36:26,8.9,B,3000
09:36:26,8.9,B,5000
09:36:26,8.89,S,1000
09:36:26,8.89,S,1400
09:36:26,8.9,B,5000
09:36:26,8.9,B,400
09:36:26,8.89,S,1400
09:36:26,8.89,S,400
09:36:27,8.9,B,2700
09:36:27,8.89,S,900
09:36:27,8.9,B,400
09:36:27,8.9,B,800
09:36:27,8.9,B,20500
09:36:27,8.9,B,300
09:36:27,8.9,B,900
09:36:27,8.9,B,300
09:36:27,8.9,B,500
09:36:27,8.9,B,200
09:36:27,8.9,B,18400
09:36:27,8.9,B,1400
09:36:27,8.9,B,14600
09:36:28,8.9,B,2000
09:36:28,8.9,B,500
09:36:28,8.9,B,300
09:36:28,8.89,S,300
09:36:28,8.89,S,1000
09:36:28,8.89,S,400
09:36:28,8.89,S,800
09:36:28,8.9,B,4000
09:36:28,8.9,B,14800
09:36:28,8.9,B,1300
09:36:28,8.9,B,500
09:36:29,8.89,S,500
09:36:29,8.9,B,100
09:36:29,8.89,S,2000
09:36:29,8.89,S,100
09:36:29,8.89,S,300
09:36:29,8.89,S,100
09:36:29,8.89,S,900
09:36:29,8.9,B,200
09:36:29,8.9,B,5000
09:36:30,8.9,B,2200
09:36:30,8.89,S,1800
09:36:30,8.9,B,2000
09:36:30,8.9,B,2000
09:36:30,8.89,S,300
09:36:30,8.89,S,200
09:36:30,8.9,B,1300
09:36:30,8.9,B,1400
09:36:30,8.9,B,200
09:36:30,8.9,B,3400
09:36:30,8.89,S,1800
09:36:30,8.89,S,200
09:36:30,8.9,B,2000
09:36:30,8.9,B,300
09:36:31,8.9,B,1000
09:36:31,8.9,B,600
09:36:31,8.9,B,300
09:36:31,8.9,B,500
09:36:31,8.89,S,300
09:36:31,8.89,S,800
09:36:31,8.89,S,1800
09:36:31,8.89,S,2100
09:36:32,8.89,S,2800
09:36:32,8.9,B,1000
09:36:32,8.9,B,100
09:36:32,8.89,S,600
09:36:32,8.9,B,800
09:36:32,8.9,B,400
09:36:32,8.9,B,1000
09:36:32,8.9,B,1500
09:36:32,8.89,S,5700
09:36:32,8.89,S,200
09:36:32,8.89,S,4100
09:36:33,8.9,B,1000
09:36:33,8.9,B,1100
09:36:33,8.9,B,700
09:36:33,8.89,S,5900
09:36:33,8.89,S,100
09:36:33,8.89,S,800
09:36:33,8.89,S,500
09:36:33,8.9,B,200
09:36:33,8.9,B,300
09:36:33,8.9,B,700
09:36:33,8.9,B,1500
09:36:33,8.89,S,500
09:36:33,8.89,S,100
09:36:33,8.9,B,500
09:36:33,8.9,B,500
09:36:33,8.9,B,1500
09:36:33,8.9,B,500
09:36:33,8.9,B,1900
09:36:33,8.9,B,1000
09:36:33,8.9,B,5100
09:36:34,8.89,S,1000
09:36:34,8.89,S,3800
09:36:34,8.9,B,7300
09:36:34,8.9,B,1100
09:36:34,8.9,B,2400
09:36:34,8.9,B,500
09:36:34,8.89,S,2200
09:36:34,8.89,S,500
09:36:35,8.9,B,1000
09:36:35,8.89,S,500
09:36:36,8.89,S,1800
09:36:36,8.9,B,400
09:36:36,8.9,B,400
09:36:36,8.9,B,1500
09:36:36,8.89,S,7800
09:36:36,8.9,B,1000
09:36:36,8.9,B,4000
09:36:36,8.9,B,300
09:36:36,8.9,B,1100
09:36:36,8.9,B,1900
09:36:36,8.89,S,700
09:36:36,8.89,S,500
09:36:36,8.9,B,600
09:36:37,8.9,B,2000
09:36:37,8.89,S,2200
09:36:37,8.89,S,5000
09:36:37,8.89,S,500
09:36:37,8.89,S,2800
09:36:37,8.89,S,3500
09:36:37,8.9,B,10000
09:36:37,8.9,B,200
09:36:37,8.89,S,5900
09:36:37,8.89,S,900
09:36:37,8.9,B,600
09:36:37,8.89,S,2700
09:36:38,8.9,B,9700
09:36:38,8.9,B,300
09:36:38,8.9,B,700
09:36:38,8.9,B,1200
09:36:38,8.9,B,600
09:36:38,8.89,S,7000
09:36:38,8.89,S,500
09:36:38,8.89,S,1000
09:36:38,8.89,S,800
09:36:38,8.89,S,5000
09:36:38,8.89,S,300
09:36:38,8.89,S,500
09:36:38,8.89,S,500
09:36:38,8.89,S,3500
09:36:38,8.89,S,900
09:36:38,8.89,S,100
09:36:38,8.89,S,300
09:36:38,8.89,S,1400
09:36:38,8.89,S,200
09:36:38,8.89,S,2500
09:36:39,8.89,S,1000
09:36:39,8.9,B,1900
09:36:39,8.9,B,2000
09:36:40,8.89,S,1400
09:36:40,8.89,S,2000
09:36:40,8.9,B,6200
09:36:40,8.9,B,500
09:36:40,8.9,B,1200
09:36:40,8.9,B,2600
09:36:40,8.9,B,900
09:36:40,8.9,B,800
09:36:40,8.9,B,5600
09:36:40,8.9,B,200
09:36:40,8.89,S,1400
09:36:40,8.89,S,1400
09:36:40,8.89,S,100
09:36:40,8.89,S,200
09:36:40,8.89,S,100
09:36:41,8.9,B,200
09:36:41,8.9,B,200
09:36:41,8.89,S,2000
09:36:41,8.9,B,3800
09:36:41,8.9,B,1200
09:36:41,8.9,B,2900
09:36:41,8.9,B,5000
09:36:41,8.89,S,700
09:36:41,8.89,S,200
09:36:41,8.9,B,1000
09:36:41,8.9,B,500
09:36:41,8.89,S,1400
09:36:42,8.89,S,900
09:36:42,8.89,S,2000
09:36:42,8.89,S,1000
09:36:42,8.89,S,900
09:36:42,8.89,S,2000
09:36:42,8.89,S,500
09:36:42,8.89,S,500
09:36:42,8.89,S,7000
09:36:42,8.89,S,1100
09:36:42,8.89,S,4600
09:36:42,8.89,S,1700
09:36:42,8.89,S,500
09:36:42,8.89,S,2000
09:36:42,8.89,S,1000
09:36:42,8.89,B,300
09:36:42,8.89,B,700
09:36:42,8.89,B,1100
09:36:42,8.89,B,600
09:36:42,8.89,B,600
09:36:42,8.89,B,300
09:36:42,8.89,B,200
09:36:42,8.89,B,300
09:36:42,8.89,B,2000
09:36:42,8.89,B,100
09:36:43,8.89,B,1200
09:36:43,8.9,B,8800
09:36:43,8.89,B,100
09:36:43,8.89,B,1000
09:36:44,8.89,B,300
09:36:44,8.89,B,20000
09:36:44,8.89,B,18000
09:36:44,8.89,B,900
09:36:44,8.89,B,800
09:36:44,8.88,S,600
09:36:44,8.88,S,800
09:36:44,8.88,S,500
09:36:44,8.88,S,500
09:36:44,8.88,S,400
09:36:44,8.88,S,1000
09:36:44,8.88,S,1000
09:36:44,8.88,S,200
09:36:44,8.89,B,1200
09:36:44,8.89,B,1000
09:36:44,8.89,B,1000
09:36:44,8.9,B,800
09:36:44,8.89,B,100
09:36:45,8.89,B,1000
09:36:45,8.89,B,500
09:36:45,8.89,B,500
09:36:45,8.89,B,300
09:36:45,8.89,B,700
09:36:45,8.89,B,100
09:36:46,8.88,S,1800
09:36:46,8.88,S,700
09:36:46,8.89,B,200
09:36:46,8.89,B,500
09:36:47,8.89,B,1000
09:36:47,8.89,B,500
09:36:47,8.89,B,1800
09:36:47,8.89,B,100
09:36:48,8.89,B,3100
09:36:48,8.89,B,1900
09:36:48,8.89,B,100
09:36:48,8.89,B,100
09:36:48,8.89,B,1000
09:36:48,8.89,B,1300
09:36:48,8.89,B,700
09:36:48,8.89,B,1000
09:36:48,8.89,B,300
09:36:48,8.89,B,1700
09:36:48,8.89,B,300
09:36:48,8.89,B,2300
09:36:48,8.89,B,3000
09:36:48,8.89,B,2000
09:36:48,8.89,B,200
09:36:48,8.89,B,2000
09:36:48,8.89,B,100
09:36:48,8.89,B,500
09:36:48,8.89,B,2200
09:36:48,8.88,S,3200
09:36:48,8.89,B,300
09:36:48,8.89,B,100
09:36:48,8.89,B,300
09:36:48,8.89,B,300
09:36:48,8.89,B,3000
09:36:48,8.89,B,2400
09:36:48,8.89,B,800
09:36:49,8.89,B,800
09:36:49,8.89,B,900
09:36:49,8.9,B,100
09:36:49,8.88,S,1400
09:36:49,8.89,B,1000
09:36:49,8.89,S,2000
09:36:49,8.89,B,500
09:36:50,8.89,B,200
09:36:50,8.89,B,1300
09:36:50,8.89,B,4900
09:36:50,8.89,B,10000
09:36:50,8.89,B,500
09:36:50,8.89,B,1100
09:36:50,8.89,B,400
09:36:50,8.88,S,100
09:36:50,8.88,S,100
09:36:50,8.88,S,100
09:36:50,8.89,B,1000
09:36:50,8.89,B,2000
09:36:50,8.88,S,700
09:36:51,8.89,B,100
09:36:51,8.89,B,500
09:36:51,8.89,B,500
09:36:51,8.89,B,1000
09:36:51,8.89,B,300
09:36:51,8.89,B,200
09:36:51,8.88,S,600
09:36:51,8.89,B,200
09:36:51,8.89,B,500
09:36:51,8.89,B,2800
09:36:51,8.89,B,300
09:36:51,8.89,B,900
09:36:51,8.89,B,2300
09:36:51,8.89,B,1000
09:36:52,8.89,B,200
09:36:52,8.89,B,3500
09:36:52,8.89,B,10000
09:36:52,8.9,B,900
09:36:52,8.9,B,200
09:36:52,8.9,B,2500
09:36:52,8.9,B,2900
09:36:52,8.89,B,1000
09:36:52,8.89,B,2000
09:36:52,8.89,B,4600
09:36:52,8.89,S,1100
09:36:52,8.89,B,500
09:36:53,8.89,B,100
09:36:53,8.88,S,600
09:36:53,8.89,B,500
09:36:53,8.89,B,200
09:36:53,8.89,B,1000
09:36:53,8.89,B,3200
09:36:53,8.89,B,1400
09:36:53,8.89,B,1100
09:36:54,8.88,S,800
09:36:54,8.88,S,300
09:36:54,8.88,S,1000
09:36:54,8.88,S,900
09:36:54,8.89,B,900
09:36:54,8.89,B,1000
09:36:54,8.89,B,500
09:36:54,8.89,B,1100
09:36:54,8.89,B,300
09:36:54,8.89,B,200
09:36:54,8.88,S,100
09:36:54,8.88,S,1900
09:36:55,8.89,B,200
09:36:55,8.89,B,100
09:36:55,8.89,B,1200
09:36:55,8.89,B,4800
09:36:55,8.89,B,200
09:36:55,8.89,B,500
09:36:56,8.88,S,100
09:36:56,8.88,S,200
09:36:56,8.88,S,200
09:36:56,8.88,S,800
09:36:56,8.88,S,400
09:36:56,8.88,S,200
09:36:56,8.89,B,200
09:36:57,8.89,B,1100
09:36:57,8.89,B,1100
09:36:57,8.89,B,800
09:36:57,8.88,S,900
09:36:57,8.89,B,20000
09:36:57,8.88,S,100
09:36:57,8.88,S,400
09:36:57,8.88,S,100
09:36:57,8.88,S,200
09:36:57,8.88,S,100
09:36:57,8.88,S,900
09:36:57,8.88,S,3500
09:36:57,8.88,S,2000
09:36:57,8.88,S,300
09:36:58,8.89,B,600
09:36:58,8.89,B,300
09:36:58,8.88,S,100
09:36:58,8.89,B,200
09:36:58,8.88,S,500
09:36:58,8.89,B,200
09:36:58,8.89,B,3000
09:36:58,8.89,B,900
09:36:58,8.88,S,300
09:36:58,8.89,B,2200
09:36:59,8.89,B,5000
09:36:59,8.89,B,10000
09:36:59,8.89,B,500
09:36:59,8.89,B,100
09:36:59,8.89,B,10000
09:37:00,8.88,S,3800
09:37:00,8.88,S,200
09:37:00,8.89,B,1200
09:37:00,8.89,B,500
09:37:00,8.88,S,1000
09:37:00,8.89,B,200
09:37:00,8.89,B,500
09:37:01,8.88,S,2000
09:37:01,8.89,B,1000
09:37:01,8.89,B,500
09:37:01,8.89,B,5700
09:37:01,8.89,B,2000
09:37:02,8.89,B,1000
09:37:02,8.88,S,2000
09:37:02,8.89,B,11300
09:37:02,8.89,B,1000
09:37:02,8.88,S,1000
09:37:03,8.89,B,2000
09:37:03,8.89,B,10000
09:37:03,8.89,B,5000
09:37:04,8.89,B,1000
09:37:04,8.89,B,1100
09:37:04,8.88,S,1500
09:37:04,8.89,B,300
09:37:04,8.89,B,1900
09:37:04,8.89,B,2600
09:37:04,8.89,B,2000
09:37:04,8.89,B,7100
09:37:04,8.89,B,7300
09:37:04,8.89,B,2500
09:37:04,8.89,B,500
09:37:04,8.89,B,1000
09:37:04,8.89,B,400
09:37:04,8.89,B,200
09:37:04,8.89,B,1500
09:37:04,8.89,B,8400
09:37:04,8.89,B,700
09:37:04,8.89,B,2000
09:37:04,8.89,B,1900
09:37:04,8.89,B,400
09:37:04,8.89,B,1000
09:37:04,8.89,B,1500
09:37:04,8.89,B,2100
09:37:04,8.89,B,1700
09:37:04,8.89,B,4000
09:37:04,8.89,B,4300
09:37:04,8.89,B,5000
09:37:05,8.88,S,7700
09:37:06,8.89,B,10000
09:37:06,8.89,B,1000
09:37:06,8.88,S,100
09:37:06,8.89,B,2000
09:37:06,8.88,S,11400
09:37:06,8.89,B,200
09:37:07,8.88,S,500
09:37:07,8.89,B,200
09:37:07,8.88,S,100
09:37:07,8.88,S,1700
09:37:07,8.89,B,1000
09:37:07,8.88,S,3000
09:37:08,8.89,B,1000
09:37:08,8.89,B,300
09:37:08,8.89,B,1500
09:37:09,8.89,B,200
09:37:09,8.89,B,1000
09:37:09,8.89,B,500
09:37:09,8.88,S,800
09:37:09,8.88,S,1000
09:37:09,8.89,B,500
09:37:09,8.89,B,2500
09:37:10,8.89,B,1800
09:37:10,8.88,S,2000
09:37:10,8.88,S,1400
09:37:10,8.88,S,12600
09:37:10,8.88,S,600
09:37:10,8.88,S,1200
09:37:10,8.88,S,1000
09:37:10,8.88,S,1000
09:37:10,8.88,S,400
09:37:10,8.89,B,800
09:37:11,8.88,S,600
09:37:11,8.88,S,900
09:37:11,8.89,B,4800
09:37:11,8.88,S,100
09:37:11,8.88,S,100
09:37:11,8.88,S,300
09:37:11,8.89,B,500
09:37:12,8.89,B,1000
09:37:12,8.89,B,2200
09:37:12,8.89,B,500
09:37:13,8.89,B,1000
09:37:13,8.88,S,1200
09:37:13,8.88,S,600
09:37:13,8.88,S,800
09:37:14,8.89,B,1900
09:37:14,8.88,S,3600
09:37:14,8.88,S,500
09:37:14,8.88,S,900
09:37:14,8.89,B,3000
09:37:14,8.89,B,1000
09:37:14,8.89,B,300
09:37:14,8.89,B,200
09:37:15,8.89,B,500
09:37:15,8.89,B,600
09:37:15,8.89,B,100
09:37:15,8.89,B,10000
09:37:15,8.89,B,500
09:37:15,8.89,B,2000
09:37:15,8.88,S,100
09:37:15,8.88,S,2000
09:37:15,8.88,S,1000
09:37:15,8.88,S,1900
09:37:16,8.89,B,1000
09:37:16,8.88,S,700
09:37:16,8.89,B,1500
09:37:16,8.88,S,1000
09:37:16,8.89,B,500
09:37:16,8.88,S,1400
09:37:16,8.88,S,400
09:37:16,8.88,S,1000
09:37:16,8.88,S,200
09:37:16,8.88,S,200
09:37:16,8.89,B,900
09:37:17,8.89,B,10000
09:37:17,8.88,S,100
09:37:17,8.88,S,1000
09:37:17,8.88,S,1900
09:37:17,8.88,S,1100
09:37:17,8.88,S,300
09:37:17,8.88,S,300
09:37:17,8.88,S,1000
09:37:17,8.88,S,10000
09:37:17,8.88,S,8200
09:37:17,8.89,B,200
09:37:18,8.88,S,14800
09:37:18,8.88,S,2000
09:37:18,8.88,S,500
09:37:18,8.88,S,17500
09:37:18,8.89,B,500
09:37:18,8.89,B,100
09:37:18,8.89,B,200
09:37:18,8.89,B,1000
09:37:18,8.88,S,1500
09:37:18,8.89,B,4900
09:37:19,8.89,B,900
09:37:19,8.88,S,500
09:37:20,8.89,B,26400
09:37:20,8.89,B,600
09:37:20,8.89,B,2000
09:37:20,8.89,B,1400
09:37:20,8.89,B,500
09:37:20,8.89,B,5000
09:37:20,8.89,B,1000
09:37:20,8.89,B,1000
09:37:20,8.89,B,1000
09:37:20,8.89,B,1200
09:37:20,8.89,B,600
09:37:20,8.89,B,2000
09:37:20,8.89,B,1400
09:37:20,8.89,B,5000
09:37:20,8.89,B,2000
09:37:20,8.89,B,1900
09:37:20,8.89,B,100
09:37:20,8.89,B,1400
09:37:20,8.89,B,2700
09:37:20,8.89,B,300
09:37:20,8.89,B,5000
09:37:20,8.88,S,500
09:37:21,8.89,B,2000
09:37:21,8.89,B,900
09:37:21,8.89,B,1000
09:37:21,8.89,B,2800
09:37:21,8.89,B,200
09:37:21,8.89,B,3000
09:37:21,8.89,B,600
09:37:21,8.89,B,96
09:37:21,8.89,B,82
09:37:21,8.89,B,900
09:37:21,8.89,B,1500
09:37:21,8.89,B,1100
09:37:21,8.89,B,100
09:37:21,8.89,B,500
09:37:21,8.89,B,500
09:37:21,8.89,B,700
09:37:21,8.89,B,14022
09:37:21,8.89,B,1200
09:37:21,8.88,S,1000
09:37:21,8.89,B,100
09:37:21,8.88,S,1000
09:37:21,8.88,S,500
09:37:22,8.88,S,5400
09:37:22,8.89,B,2000
09:37:22,8.89,B,2678
09:37:22,8.89,B,1000
09:37:22,8.89,B,700
09:37:22,8.89,B,1000
09:37:22,8.89,B,322
09:37:22,8.89,B,1000
09:37:22,8.88,S,400
09:37:22,8.89,B,500
09:37:23,8.88,S,2000
09:37:23,8.89,B,178
09:37:23,8.89,B,500
09:37:23,8.89,B,122
09:37:23,8.89,B,1878
09:37:23,8.89,B,622
09:37:23,8.88,S,1000
09:37:23,8.89,B,300
09:37:24,8.88,S,3000
09:37:24,8.89,B,578
09:37:24,8.89,B,2000
09:37:24,8.89,B,5300
09:37:24,8.89,B,1500
09:37:24,8.89,B,200
09:37:24,8.89,B,422
09:37:24,8.88,S,500
09:37:24,8.88,S,1000
09:37:24,8.89,B,100
09:37:25,8.88,S,400
09:37:25,8.88,S,8000
09:37:25,8.88,S,3600
09:37:25,8.89,B,100
09:37:25,8.89,B,178
09:37:25,8.89,B,100
09:37:25,8.89,B,1722
09:37:25,8.88,S,900
09:37:26,8.89,B,200
09:37:26,8.88,S,1300
09:37:26,8.88,S,100
09:37:26,8.88,S,100
09:37:26,8.88,S,1700
09:37:26,8.88,S,1
09:37:26,8.89,B,78
09:37:26,8.89,B,122
09:37:26,8.88,S,300
09:37:26,8.88,S,2000
09:37:26,8.88,S,900
09:37:27,8.88,S,99
09:37:27,8.88,S,3501
09:37:27,8.88,S,1000
09:37:27,8.89,B,100
09:37:27,8.89,B,300
09:37:27,8.88,S,300
09:37:27,8.89,B,1500
09:37:27,8.88,S,1000
09:37:28,8.88,S,4199
09:37:28,8.88,S,100
09:37:28,8.88,S,400
09:37:28,8.88,S,100
09:37:28,8.88,S,5600
09:37:28,8.88,S,1500
09:37:28,8.88,S,1000
09:37:28,8.88,S,7101
09:37:28,8.89,B,878
09:37:28,8.89,B,2722
09:37:28,8.89,B,100
09:37:28,8.88,S,900
09:37:28,8.89,B,2178
09:37:28,8.89,B,2800
09:37:28,8.89,B,1000
09:37:28,8.89,B,1000
09:37:28,8.89,B,30822
09:37:28,8.89,B,1000
09:37:28,8.88,S,500
09:37:29,8.88,S,1499
09:37:29,8.88,S,100
09:37:29,8.88,S,100
09:37:29,8.88,S,601
09:37:29,8.88,S,399
09:37:29,8.88,S,701
09:37:29,8.89,B,100
09:37:29,8.89,B,1000
09:37:29,8.88,S,299
09:37:29,8.88,S,1000
09:37:29,8.88,S,2000
09:37:29,8.88,S,1400
09:37:29,8.88,S,10000
09:37:29,8.88,S,100
09:37:29,8.88,S,300
09:37:29,8.88,S,100
09:37:29,8.88,S,500
09:37:29,8.88,S,500
09:37:29,8.88,S,1000
09:37:29,8.88,S,1500
09:37:29,8.88,S,1000
09:37:29,8.88,S,1000
09:37:29,8.88,S,400
09:37:29,8.88,S,1000
09:37:29,8.88,S,500
09:37:29,8.88,S,2000
09:37:29,8.88,S,10000
09:37:29,8.88,S,1000
09:37:29,8.88,S,500
09:37:29,8.88,S,100
09:37:29,8.88,S,1000
09:37:29,8.88,S,400
09:37:29,8.88,S,200
09:37:29,8.88,S,13100
09:37:29,8.88,S,5000
09:37:29,8.88,S,300
09:37:29,8.88,S,1000
09:37:29,8.88,S,1000
09:37:29,8.88,S,2000
09:37:29,8.88,S,500
09:37:29,8.88,S,1200
09:37:29,8.88,S,5500
09:37:29,8.88,S,1000
09:37:29,8.88,B,1000
09:37:31,8.88,B,400
09:37:31,8.88,B,1000
09:37:32,8.88,B,400
09:37:33,8.87,S,500
09:37:33,8.88,B,5000
09:37:34,8.88,B,1000
09:37:35,8.88,B,8901
09:37:35,8.88,B,1099
09:37:35,8.88,B,100
09:37:35,8.88,B,801
09:37:35,8.88,B,1199
09:37:35,8.88,B,1000
09:37:36,8.88,B,2000
09:37:36,8.88,B,200
09:37:37,8.88,B,1000
09:37:37,8.87,S,1400
09:37:37,8.88,B,500
09:37:38,8.88,B,1000
09:37:38,8.88,B,3101
09:37:38,8.88,B,1400
09:37:38,8.88,B,450
09:37:38,8.88,B,2000
09:37:38,8.88,B,1000
09:37:38,8.88,B,2049
09:37:38,8.88,B,600
09:37:38,8.88,B,200
09:37:39,8.87,S,200
09:37:39,8.88,B,151
09:37:39,8.88,B,849
09:37:39,8.88,B,600
09:37:40,8.88,B,1551
09:37:40,8.88,B,8449
09:37:40,8.88,B,200
09:37:40,8.88,B,100
09:37:41,8.88,B,700
09:37:41,8.88,B,7051
09:37:41,8.88,B,949
09:37:41,8.88,B,51
09:37:41,8.88,B,49
09:37:41,8.87,S,900
09:37:42,8.88,B,1000
09:37:42,8.87,S,1450
09:37:42,8.87,S,1750
09:37:43,8.87,S,500
09:37:43,8.88,B,200
09:37:43,8.87,S,500
09:37:44,8.88,B,751
09:37:44,8.88,B,249
09:37:44,8.87,S,1000
09:37:44,8.87,S,10000
09:37:44,8.87,S,1500
09:37:45,8.88,B,100
09:37:45,8.88,B,600
09:37:46,8.87,S,2000
09:37:46,8.87,S,800
09:37:46,8.87,S,1000
09:37:46,8.88,B,1000
09:37:46,8.87,S,5000
09:37:47,8.88,B,500
09:37:47,8.88,B,1500
09:37:47,8.87,S,200
09:37:47,8.87,S,500
09:37:47,8.88,B,100
09:37:47,8.88,B,400
09:37:48,8.88,B,200
09:37:48,8.88,B,351
09:37:48,8.88,B,1449
09:37:48,8.88,B,200
09:37:48,8.87,S,1000
09:37:48,8.88,B,3100
09:37:49,8.88,B,1500
09:37:49,8.87,S,2000
09:37:49,8.87,S,5000
09:37:49,8.88,B,100
09:37:49,8.88,B,13651
09:37:49,8.88,B,1200
09:37:49,8.88,B,19728
09:37:49,8.88,B,2600
09:37:49,8.88,B,1000
09:37:49,8.88,B,200
09:37:49,8.88,B,7221
09:37:50,8.87,S,1000
09:37:50,8.88,B,13000
09:37:50,8.87,S,1500
09:37:50,8.87,S,3000
09:37:50,8.88,B,600
09:37:50,8.88,B,200
09:37:50,8.87,S,7000
09:37:50,8.88,B,10000
09:37:50,8.88,B,1100
09:37:50,8.87,S,1000
09:37:50,8.88,B,1000
09:37:51,8.87,S,200
09:37:51,8.87,S,200
09:37:51,8.87,S,5000
09:37:51,8.87,S,600
09:37:51,8.88,B,300
09:37:52,8.88,B,500
09:37:52,8.88,B,100
09:37:52,8.87,S,200
09:37:52,8.87,S,400
09:37:52,8.87,S,3000
09:37:52,8.88,B,14100
09:37:52,8.88,B,1879
09:37:52,8.88,B,1121
09:37:53,8.87,S,2000
09:37:53,8.88,B,379
09:37:53,8.88,B,1621
09:37:54,8.88,B,3379
09:37:54,8.88,B,3000
09:37:54,8.88,B,3000
09:37:54,8.88,B,621
09:37:54,8.87,S,30000
09:37:54,8.88,B,1000
09:37:54,8.87,S,2000
09:37:54,8.87,S,1000
09:37:54,8.87,S,450
09:37:54,8.87,S,200
09:37:54,8.87,S,100
09:37:54,8.87,S,250
09:37:55,8.87,S,750
09:37:55,8.87,S,500
09:37:55,8.87,S,800
09:37:55,8.87,S,500
09:37:55,8.87,S,800
09:37:55,8.87,S,200
09:37:55,8.87,S,2000
09:37:55,8.87,S,1000
09:37:55,8.87,S,500
09:37:55,8.87,S,200
09:37:55,8.87,S,2700
09:37:55,8.87,S,500
09:37:55,8.87,S,1000
09:37:55,8.87,S,1200
09:37:55,8.87,S,1000
09:37:55,8.87,S,500
09:37:55,8.87,S,2000
09:37:55,8.87,S,200
09:37:55,8.87,S,100
09:37:55,8.87,S,1800
09:37:55,8.87,S,300
09:37:55,8.87,S,1500
09:37:55,8.87,S,3000
09:37:55,8.87,S,500
09:37:55,8.87,S,200
09:37:55,8.87,S,300
09:37:55,8.87,S,100
09:37:55,8.87,S,100
09:37:55,8.87,S,700
09:37:55,8.87,S,1800
09:37:55,8.87,S,3000
09:37:55,8.87,S,100
09:37:55,8.87,S,100
09:37:55,8.87,B,3000
09:37:55,8.87,B,1000
09:37:55,8.87,B,100
09:37:56,8.87,B,1200
09:37:56,8.87,B,100
09:37:56,8.87,B,1100
09:37:57,8.87,B,4800
09:37:57,8.87,B,500
09:37:57,8.87,B,500
09:37:57,8.87,B,100
09:37:58,8.86,S,2700
09:37:58,8.87,B,100
09:37:59,8.87,B,600
09:37:59,8.87,B,500
09:37:59,8.87,B,20000
09:37:59,8.87,B,200
09:37:59,8.87,B,16600
09:38:00,8.87,B,100
09:38:00,8.87,B,1100
09:38:00,8.87,B,4000
09:38:00,8.86,S,900
09:38:00,8.87,B,1000
09:38:01,8.87,B,1700
09:38:02,8.87,B,200
09:38:02,8.87,B,300
09:38:02,8.86,S,100
09:38:02,8.87,B,4100
09:38:03,8.87,B,5000
09:38:03,8.87,B,2150
09:38:03,8.87,B,2000
09:38:03,8.87,B,750
09:38:03,8.87,B,100
09:38:03,8.86,S,100
09:38:03,8.86,S,200
09:38:03,8.86,S,100
09:38:03,8.86,S,400
09:38:03,8.86,S,1300
09:38:03,8.86,S,700
09:38:04,8.87,B,100
09:38:05,8.87,B,200
09:38:05,8.87,B,100
09:38:06,8.87,B,100
09:38:06,8.87,B,150
09:38:06,8.87,B,700
09:38:06,8.87,B,1250
09:38:07,8.87,B,3750
09:38:07,8.87,B,1050
09:38:07,8.86,S,300
09:38:07,8.86,S,1000
09:38:07,8.86,S,100
09:38:07,8.86,S,2000
09:38:07,8.86,S,700
09:38:07,8.87,B,1000
09:38:08,8.87,B,350
09:38:08,8.87,B,300
09:38:08,8.87,B,1550
09:38:08,8.86,S,400
09:38:08,8.86,S,1000
09:38:08,8.86,S,5000
09:38:08,8.86,S,1000
09:38:08,8.86,S,100
09:38:09,8.87,B,1750
09:38:09,8.87,B,750
09:38:09,8.87,B,500
09:38:09,8.86,S,500
09:38:09,8.87,B,1700
09:38:09,8.86,S,400
09:38:09,8.86,S,100
09:38:10,8.87,B,7050
09:38:10,8.87,B,43850
09:38:10,8.87,B,800
09:38:10,8.87,B,400
09:38:10,8.87,B,6000
09:38:10,8.87,B,5000
09:38:10,8.86,S,300
09:38:11,8.86,S,1100
09:38:11,8.86,S,100
09:38:11,8.87,B,1150
09:38:11,8.87,B,1000
09:38:11,8.87,B,1000
09:38:11,8.87,B,2000
09:38:11,8.87,B,5200
09:38:11,8.87,B,5000
09:38:11,8.87,B,1000
09:38:11,8.87,B,1000
09:38:11,8.87,B,600
09:38:11,8.87,B,400
09:38:11,8.87,B,1300
09:38:11,8.87,B,1200
09:38:11,8.87,B,1500
09:38:11,8.87,B,500
09:38:11,8.87,B,200
09:38:11,8.87,B,1000
09:38:11,8.87,B,2000
09:38:11,8.87,B,3000
09:38:11,8.87,B,3800
09:38:11,8.87,B,12100
09:38:11,8.87,B,7100
09:38:11,8.87,B,2000
09:38:11,8.87,B,2300
09:38:11,8.87,B,3450
09:38:12,8.87,B,550
09:38:12,8.87,B,2100
09:38:12,8.87,B,3450
09:38:12,8.87,B,6550
09:38:12,8.87,B,300
09:38:12,8.87,B,3000
09:38:12,8.87,B,1300
09:38:12,8.87,B,9000
09:38:12,8.87,B,1000
09:38:12,8.87,B,1000
09:38:12,8.87,B,200
09:38:12,8.87,B,5100
09:38:12,8.87,B,2000
09:38:12,8.87,B,3000
09:38:12,8.87,B,1000
09:38:12,8.87,B,500
09:38:12,8.87,B,6000
09:38:12,8.87,B,1150
09:38:13,8.87,B,500
09:38:13,8.86,S,1900
09:38:13,8.86,S,200
09:38:13,8.86,S,400
09:38:13,8.86,S,200
09:38:13,8.86,S,500
09:38:13,8.86,S,3000
09:38:13,8.86,S,1300
09:38:13,8.86,S,200
09:38:13,8.86,S,100
09:38:13,8.86,S,4000
09:38:13,8.86,S,3000
09:38:13,8.86,S,200
09:38:13,8.86,S,2000
09:38:13,8.86,S,1000
09:38:13,8.86,S,1000
09:38:13,8.86,S,1000
09:38:13,8.86,S,1000
09:38:13,8.86,S,6300
09:38:13,8.86,S,1300
09:38:13,8.86,B,300
09:38:13,8.86,B,100
09:38:14,8.86,B,700
09:38:14,8.86,B,300
09:38:14,8.87,B,1350
09:38:14,8.87,B,200
09:38:14,8.87,B,300
09:38:14,8.87,B,2850
09:38:14,8.87,B,200
09:38:14,8.87,B,1000
09:38:15,8.87,B,6500
09:38:15,8.87,B,4000
09:38:15,8.87,B,100
09:38:15,8.87,B,500
09:38:15,8.86,S,1000
09:38:15,8.86,S,200
09:38:16,8.86,B,1000
09:38:16,8.86,B,200
09:38:16,8.86,B,600
09:38:16,8.86,B,400
09:38:17,8.86,B,500
09:38:17,8.85,S,100
09:38:18,8.86,B,400
09:38:18,8.86,B,700
09:38:18,8.86,B,200
09:38:18,8.86,B,100
09:38:18,8.85,S,500
09:38:18,8.85,S,100
09:38:18,8.85,S,500
09:38:18,8.85,S,2000
09:38:18,8.85,S,2000
09:38:18,8.85,S,100
09:38:18,8.85,S,1000
09:38:18,8.85,S,500
09:38:18,8.85,S,2000
09:38:18,8.85,S,400
09:38:18,8.85,S,1000
09:38:18,8.85,S,2000
09:38:18,8.85,S,2000
09:38:18,8.85,S,1500
09:38:18,8.85,S,11500
09:38:18,8.85,S,1900
09:38:18,8.85,S,1000
09:38:18,8.85,S,2000
09:38:18,8.85,S,1000
09:38:18,8.85,S,300
09:38:18,8.85,S,5000
09:38:18,8.85,S,500
09:38:18,8.85,S,1000
09:38:18,8.85,S,100
09:38:18,8.85,S,3000
09:38:18,8.85,S,100
09:38:18,8.85,S,1000
09:38:18,8.85,S,1000
09:38:18,8.85,S,1000
09:38:18,8.85,S,2000
09:38:18,8.85,S,200
09:38:18,8.85,S,1000
09:38:18,8.85,S,200
09:38:18,8.85,S,1500
09:38:18,8.85,S,300
09:38:18,8.85,S,8000
09:38:18,8.85,S,100
09:38:18,8.85,S,200
09:38:18,8.85,S,500
09:38:18,8.85,S,1500
09:38:18,8.85,S,1000
09:38:18,8.85,S,1300
09:38:18,8.85,S,200
09:38:18,8.85,S,3000
09:38:18,8.85,S,500
09:38:18,8.85,S,500
09:38:18,8.85,S,2000
09:38:18,8.85,S,5000
09:38:18,8.85,S,200
09:38:18,8.85,S,1000
09:38:18,8.85,S,3000
09:38:18,8.85,S,100
09:38:18,8.85,S,5000
09:38:18,8.85,S,1000
09:38:18,8.85,S,10000
09:38:18,8.85,S,6700
09:38:18,8.86,B,100
09:38:19,8.86,B,600
09:38:19,8.86,B,300
09:38:19,8.86,B,1000
09:38:19,8.86,B,700
09:38:21,8.86,B,600
09:38:21,8.85,S,700
09:38:21,8.86,B,400
09:38:21,8.86,B,5200
09:38:21,8.86,B,400
09:38:22,8.86,B,1000
09:38:23,8.86,B,200
09:38:23,8.86,B,1300
09:38:23,8.86,B,200
09:38:23,8.86,B,300
09:38:24,8.85,S,300
09:38:26,8.86,B,1700
09:38:26,8.86,B,300
09:38:26,8.86,B,100
09:38:26,8.85,S,600
09:38:27,8.86,B,200
09:38:27,8.86,B,500
09:38:28,8.86,B,1900
09:38:28,8.86,B,1400
09:38:28,8.86,B,600
09:38:28,8.86,B,1000
09:38:28,8.86,B,900
09:38:28,8.86,B,5900
09:38:29,8.85,S,1000
09:38:29,8.86,B,2000
09:38:29,8.86,B,1100
09:38:29,8.86,B,300
09:38:29,8.86,B,1800
09:38:29,8.86,B,2200
09:38:31,8.86,B,1800
09:38:31,8.86,B,400
09:38:31,8.86,B,600
09:38:31,8.86,B,1000
09:38:31,8.86,B,300
09:38:31,8.86,B,200
09:38:32,8.86,B,300
09:38:32,8.86,B,200
09:38:32,8.86,B,500
09:38:32,8.86,B,500
09:38:32,8.86,B,3000
09:38:32,8.86,B,100
09:38:32,8.86,B,100
09:38:32,8.86,B,100
09:38:33,8.86,B,300
09:38:33,8.86,B,500
09:38:33,8.86,B,400
09:38:33,8.86,B,100
09:38:34,8.86,B,5600
09:38:34,8.86,B,100
09:38:34,8.86,B,300
09:38:34,8.86,B,200
09:38:34,8.86,B,4000
09:38:34,8.85,S,3500
09:38:34,8.86,B,200
09:38:34,8.86,B,2000
09:38:35,8.86,B,2000
09:38:35,8.85,S,900
09:38:35,8.86,B,1000
09:38:36,8.85,S,800
09:38:36,8.85,S,3000
09:38:36,8.85,S,200
09:38:36,8.85,S,12300
09:38:36,8.85,S,1500
09:38:36,8.85,S,2000
09:38:36,8.85,S,200
09:38:36,8.85,S,3000
09:38:36,8.85,S,100
09:38:36,8.85,S,2000
09:38:36,8.85,S,500
09:38:36,8.85,S,800
09:38:36,8.85,S,2200
09:38:36,8.85,S,3600
09:38:36,8.86,B,500
09:38:37,8.86,B,500
09:38:37,8.85,S,100
09:38:38,8.85,S,1300
09:38:38,8.85,S,700
09:38:38,8.85,S,1500
09:38:38,8.85,S,1000
09:38:38,8.85,S,500
09:38:38,8.85,S,2000
09:38:38,8.85,S,2000
09:38:38,8.85,S,1000
09:38:38,8.85,S,500
09:38:38,8.85,B,200
09:38:38,8.85,B,1000
09:38:40,8.85,B,5000
09:38:40,8.85,B,2400
09:38:41,8.85,B,1000
09:38:41,8.85,B,30000
09:38:41,8.85,B,1100
09:38:41,8.84,S,13400
09:38:41,8.85,B,1000
09:38:41,8.85,B,500
09:38:41,8.85,B,3000
09:38:42,8.85,B,300
09:38:42,8.85,B,500
09:38:42,8.85,B,400
09:38:42,8.85,B,2000
09:38:42,8.85,B,300
09:38:42,8.85,B,500
09:38:43,8.85,B,500
09:38:43,8.84,S,500
09:38:43,8.85,B,1000
09:38:43,8.84,S,200
09:38:43,8.85,B,500
09:38:44,8.85,B,5600
09:38:44,8.85,B,15300
09:38:44,8.85,B,200
09:38:44,8.85,B,8000
09:38:45,8.85,B,1000
09:38:45,8.85,B,30000
09:38:45,8.85,B,2500
09:38:45,8.84,S,11500
09:38:45,8.84,S,300
09:38:45,8.84,S,2000
09:38:45,8.84,S,300
09:38:45,8.84,S,500
09:38:45,8.84,S,1000
09:38:45,8.84,S,1000
09:38:45,8.84,S,200
09:38:45,8.84,S,900
09:38:45,8.84,S,1000
09:38:45,8.84,S,100
09:38:46,8.85,B,1400
09:38:46,8.85,B,800
09:38:46,8.85,B,500
09:38:47,8.85,B,2000
09:38:48,8.85,B,2300
09:38:48,8.84,S,200
09:38:48,8.84,S,300
09:38:48,8.85,B,5000
09:38:49,8.85,B,200
09:38:49,8.84,S,700
09:38:49,8.84,S,100
09:38:49,8.84,S,2000
09:38:49,8.85,B,21500
09:38:50,8.84,S,100
09:38:50,8.84,S,900
09:38:50,8.85,B,1000
09:38:50,8.85,B,1100
09:38:51,8.85,B,300
09:38:51,8.85,B,100
09:38:52,8.85,B,4200
09:38:52,8.84,S,5000
09:38:52,8.85,B,6000
09:38:53,8.85,B,400
09:38:53,8.85,B,100
09:38:53,8.84,S,2000
09:38:54,8.85,B,5500
09:38:54,8.84,S,200
09:38:54,8.84,S,100
09:38:54,8.84,S,5000
09:38:54,8.84,S,1200
09:38:55,8.85,B,100
09:38:55,8.84,S,500
09:38:55,8.85,B,2000
09:38:55,8.85,B,100
09:38:56,8.85,B,100
09:38:56,8.85,B,1400
09:38:57,8.85,B,2000
09:38:57,8.85,B,1400
09:38:57,8.85,B,700
09:38:57,8.84,S,300
09:38:57,8.84,S,200
09:38:58,8.85,B,400
09:38:58,8.84,S,1000
09:38:59,8.84,S,200
09:38:59,8.85,B,500
09:39:00,8.85,B,2000
09:39:00,8.85,B,5600
09:39:00,8.84,S,1600
09:39:00,8.84,S,2000
09:39:00,8.84,S,1400
09:39:01,8.84,S,200
09:39:01,8.84,S,100
09:39:01,8.85,B,1100
09:39:01,8.85,B,1000
09:39:01,8.85,B,5000
09:39:01,8.85,B,1200
09:39:02,8.84,S,400
09:39:02,8.84,S,1500
09:39:02,8.84,S,600
09:39:02,8.84,S,1400
09:39:03,8.85,B,1400
09:39:03,8.85,B,100
09:39:03,8.85,B,1800
09:39:03,8.85,B,600
09:39:04,8.84,S,3600
09:39:04,8.84,S,500
09:39:04,8.84,S,4500
09:39:04,8.84,S,1000
09:39:04,8.84,S,500
09:39:04,8.84,S,400
09:39:04,8.84,S,3400
09:39:04,8.84,S,2000
09:39:04,8.84,S,100
09:39:04,8.84,S,600
09:39:04,8.84,S,1000
09:39:04,8.84,S,600
09:39:04,8.84,S,1800
09:39:04,8.85,B,500
09:39:05,8.85,B,1000
09:39:06,8.84,S,100
09:39:06,8.85,B,1000
09:39:06,8.84,S,100
09:39:06,8.84,S,500
09:39:06,8.84,S,100
09:39:06,8.85,B,5000
09:39:07,8.84,S,500
09:39:07,8.84,S,1500
09:39:07,8.85,B,200
09:39:07,8.85,B,500
09:39:08,8.85,B,100
09:39:08,8.84,S,400
09:39:08,8.84,S,100
09:39:08,8.84,S,500
09:39:08,8.84,S,100
09:39:08,8.84,S,400
09:39:09,8.85,B,1200
09:39:09,8.84,S,600
09:39:09,8.84,S,800
09:39:09,8.84,S,300
09:39:09,8.84,S,300
09:39:09,8.84,S,400
09:39:09,8.84,S,600
09:39:09,8.84,S,1000
09:39:09,8.84,S,700
09:39:09,8.84,S,2500
09:39:09,8.84,S,300
09:39:09,8.84,S,700
09:39:09,8.84,S,300
09:39:09,8.84,S,1100
09:39:09,8.84,S,2600
09:39:09,8.84,S,1600
09:39:09,8.84,S,1600
09:39:09,8.84,S,1000
09:39:10,8.84,B,7400
09:39:10,8.84,B,500
09:39:10,8.84,B,1000
09:39:10,8.84,B,1100
09:39:10,8.84,B,900
09:39:10,8.84,B,9100
09:39:10,8.84,B,200
09:39:11,8.84,B,700
09:39:11,8.84,B,300
09:39:11,8.84,B,2800
09:39:11,8.84,B,1000
09:39:11,8.85,B,6200
09:39:11,8.85,B,1600
09:39:12,8.85,B,1000
09:39:12,8.85,B,28700
09:39:12,8.85,B,300
09:39:13,8.84,B,400
09:39:13,8.84,B,500
09:39:13,8.85,B,100
09:39:14,8.85,B,200
09:39:14,8.84,S,500
09:39:15,8.84,S,200
09:39:15,8.84,S,1200
09:39:15,8.84,S,5000
09:39:16,8.84,S,2800
09:39:16,8.85,B,2500
09:39:17,8.85,B,100
09:39:17,8.84,S,700
09:39:17,8.84,S,300
09:39:17,8.84,S,3000
09:39:17,8.84,S,1100
09:39:17,8.84,S,1700
09:39:17,8.84,S,1000
09:39:18,8.85,B,100
09:39:18,8.84,S,4700
09:39:19,8.84,S,500
09:39:19,8.84,S,600
09:39:19,8.85,B,500
09:39:20,8.85,B,6000
09:39:21,8.84,S,2000
09:39:21,8.85,B,1000
09:39:21,8.84,S,1500
09:39:21,8.85,B,1000
09:39:22,8.85,B,2000
09:39:22,8.85,B,300
09:39:22,8.85,B,10000
09:39:22,8.85,B,2000
09:39:23,8.84,S,3000
09:39:24,8.84,S,1300
09:39:24,8.84,S,5200
09:39:24,8.84,S,200
09:39:24,8.84,S,13300
09:39:25,8.84,S,200
09:39:25,8.84,S,6400
09:39:25,8.84,S,900
09:39:25,8.84,S,800
09:39:25,8.84,S,500
09:39:26,8.85,B,2000
09:39:26,8.85,B,1100
09:39:26,8.85,B,200
09:39:26,8.84,S,1000
09:39:26,8.84,S,2500
09:39:26,8.84,B,200
09:39:27,8.84,B,1000
09:39:28,8.84,B,500
09:39:28,8.83,S,100
09:39:28,8.83,S,400
09:39:29,8.84,B,4000
09:39:29,8.84,B,1900
09:39:29,8.84,B,500
09:39:29,8.84,B,500
09:39:29,8.84,B,100
09:39:29,8.84,B,8400
09:39:29,8.84,B,400
09:39:29,8.84,B,500
09:39:29,8.84,B,400
09:39:29,8.84,B,300
09:39:29,8.84,B,600
09:39:29,8.84,B,100
09:39:29,8.85,B,20400
